3123 5126
1749 550 1831 611 68

748 741 873 822 Qui
910 743 1174 815 dixerim
1197 775 1274 786 —
1315 737 1422 827 qui
1465 735 1621 826 quid
1662 736 1887 801 dixerit
1905 741 1934 800 ἰ’
1969 758 2114 803 nam
2138 736 2381 827 objecto
2400 740 2523 806 hoc
2545 741 2811 810 verbum

741 867 947 909 carere
996 864 1122 906 non
1179 854 1400 930 potest.
1489 839 1705 905 Scribe
1766 841 1988 926 igitur:
2046 847 2157 928 qui
2193 849 2260 910 id
2303 850 2570 924 dimetib-
2625 851 2822 934 gemi÷

738 950 921 1013 natis·
945 946 1186 1012 duabus
1231 943 1460 1024 literiS,
1506 959 1567 1010 et
1608 958 1811 1009 totum
1850 968 2100 1011 versum
2143 948 2231 1012 sic
2272 945 2437 1035 lege:

832 1053 1124 1117 Videlicet
1154 1056 1419 1134 paream
1450 1052 1657 1135 fuisse
1701 1054 1887 1116 illam
1919 1072 2136 1118 senem
2179 1057 2291 1137 qui
2325 1057 2394 1121 id
2425 1054 2673 1122 diceet-it.

737 1176 921 1245 quem
980 1152 1316 1220 verborum
1370 1154 1655 1220 ordinem
1704 1155 1757 1220 si
1806 1154 2162 1223 verosimile
2215 1173 2337 1238 est,
2378 1158 2809 1251 Antiphonem

737 1262 803 1325 in
850 1284 945 1327 vs,
1003 1266 1077 1326 51
1130 1262 1443 1327 imitatum
1487 1285 1651 1342 esse,
1700 1260 1787 1326 ibi
1833 1284 2082 1353 quoque
2125 1264 2404 1349 corrige:

832 1370 1126 1435 Videlicet
1160 1369 1435 1452 nequdm
1467 1370 1673 1453 fuisse
1706 1370 1894 1434 illum
1931 1368 2417 1447 adolescentem,
2453 1370 2566 1453 qm·
2593 1369 2763 1438 illico
2811 1408 2820 1417 f

738 1473 1012 1537 numeris
1057 1467 1434 1536 melioribus·

733 1781 833 1849 IV.
888 1783 926 1844 2
973 1804 1062 1847 vs.
1122 1786 1173 1845 1.
1243 1782 1598 1868 Legendum
1642 1783 1934 1848 fortasse:

730 1886 853 1951 Se'd
890 1890 958 1952 id
993 1890 1159 1970 quod
1196 1890 1442 1970 occoepi
1474 1906 1747 1952 narrare
1784 1885 1988 1961 vehis,
2036 1903 2178 1948 oum
2216 1886 2316 1950 hie
2347 1886 2529 1950 modo
2570 1882 2751 1968 affui.

729 1986 899 2053 Illud
928 1995 1110 2057 modo
1132 1989 1402 2055 Acidalii
1433 2004 1524 2056 est
1548 1992 1910 2068 inventum3
1941 2000 2002 2053 et
2024 1986 2279 2073 vulgata
2305 1987 2589 2077 profecto
2615 1984 2799 2052 lectio

729 2115 861 2160 non
893 2095 1059 2178 affui
1094 2095 1477 2184 ineptissima
1511 2110 1620 2160 est.
1685 2093 2017 2176 Quomodo
2050 2094 2215 2158 enim
2255 2094 2394 2183 quis
2428 2091 2647 2157 absens
2678 2089 2802 2156 ali-

731 2196 886 2287 quid
925 2194 1114 2261 alicui
1152 2220 1403 2263 narrare
1447 2212 1655 2288 potest
1672 2197 1958 2288 ?'Neque
1996 2219 2109 2282 ego
2148 2195 2253 2260 hic
2293 2197 2487 2261 risum
2522 2210 2802 2286 captasse

729 2301 1076 2390 parasitum
1127 2303 1448 2380 existim03
1499 2323 1646 2364 nam
1703 2298 1850 2366 licet
1902 2297 2106 2365 Plauti
2156 2300 2413 2365 facetiae
2458 2323 2638 2389 saepe
2678 2303 2803 2366 sint

729 2405 1048 2484 inficetae,
1113 2420 1317 2471 tamen
1383 2406 1715 2470 sententias
1781 2406 2029 2469 insanas
2083 2424 2423 2494 numquam
2475 2426 2594 2493 pro
2636 2406 2799 2491 jocis

727 2511 1124 2578 venditasset.
1194 2510 1265 2575 In
1309 2533 1493 2576 versu
1533 2515 1570 2575 5
1609 2506 1853 2576 malim:
1926 2509 1979 2576 0
2026 2520 2272 2595 sperate
2330 2512 2810 2596 Pampln’lippe;⁴

729 2639 878 2680 nam
931 2639 1073 2680 cum
1136 2614 1202 2677 in
1267 2612 1588 2692 omnibus,
1652 2636 1809 2703 quae
1873 2613 2223 2692 adduntur,
2287 2611 2799 2680 exclamationem

728 2716 906 2783 illam
964 2718 1323 2808 praemittat
1368 2714 1748 2795 Gelasimus,
1799 2718 1866 2779 in
1921 2716 2123 2804 prima
2168 2713 2286 2779 hac
2318 2714 2797 2805 compellatione

668 2863 674 2869 -
728 2825 1012 2914 profecto
1060 2823 1263 2888 omitti
1307 2843 1433 2886 non
1476 2820 1659 2887 debet
1680 2873 1696 2902 ,
1735 2845 1877 2886 cum
1916 2821 2278 2911 praesertim
2315 2817 2509 2909 paulo
2546 2821 2796 2888 suavior

730 2930 839 2994 fiat
884 2951 1129 3009 versus,
1174 2926 1552 3018 liquescente
1596 2925 1819 2992 ultima
1866 2928 1930 2991 in
1974 2929 2308 2994 hominem,

728 3244 880 3309 ibid.
926 3266 1015 3309 vs,
1071 3247 1188 3308 50:

813 3351 999 3417 Neine
1044 3369 1153 3433 eqo
1188 3350 1334 3413 nolo
1364 3356 1410 3412 e‘
1440 3347 1753 3410 Gelasimo
1800 3345 1963 3409 mihi
1992 3354 2050 3410 te
2091 3348 2619 3430 cataqoldsimum.

726 3453 1037 3518 Weisius:
1104 3476 1138 3516 ›>
1169 3451 1707 3534 Cataqelasimum
1777 3461 1987 3535 aperte
2039 3449 2346 3537 producta
2406 3449 2632 3539 syllata
2675 3452 2794 3517 la.'’

724 3556 806 3619 At
839 3578 981 3620 cum
1028 3556 1284 3618 unicum
1316 3550 1437 3614 hoc
1471 3564 1667 3614 exstet
1706 3550 2267 3653 productaelhujus
2292 3553 2568 3643 syllabae
2586 3581 2793 3624 exem-

722 3659 936 3750 plum,
995 3681 1261 3749 cumque
1320 3662 1385 3725 in
1456 3661 1673 3726 eodem
1737 3658 1858 3724 hoc
1911 3683 2097 3726 versu
2137 3666 2511 3757 corripiatur
2544 3671 2607 3733 in
2653 3692 2789 3734 voc,

727 3769 1078 3841 Gelasimum
1135 3765 1222 3853 (in
1276 3765 1514 3832 Graeco
1564 3765 1764 3844 γελάω
1829 3767 2045 3846 etiam,
2093 3767 2283 3859 alpha
2326 3787 2551 3837 natura
2605 3771 2794 3839 breve

724 3867 836 3955 est)
898 3892 1040 3934 cum
1088 3884 1403 3959 praeterea
1457 3871 1819 3936 durissimus
1873 3871 1952 3935 sit
2012 3869 2218 3937 hiatus
2283 3874 2345 3937 in
2395 3879 2539 3941 πόῑο
2571 3883 2630 3954 d,
2676 3897 2791 3940 nec

725 3975 1025 4038 sententia
1090 3976 1235 4040 satis
1280 3976 1359 4040 sit
1404 3974 1688 4042 absoluta
1733 3989 1793 4040 et
1839 3976 2167 4060 castigata3
2215 3999 2328 4063 ego
2366 4000 2614 4050 versum
2657 4002 2791 4047 cor-

728 4094 983 4167 ruptum
1022 4080 1255 4162 habe0‚
1303 4074 1388 4147 iia
1430 4081 1687 4147 fortasse
1734 4079 2221 4146 emendandum:
