3123 5126
1023 1147 1946 1251 ADELPHL.

469 1600 522 1665 Ι.
579 1602 607 1663 1
663 1621 750 1664 vs,
806 1601 919 1665 18:
1275 1607 1339 1663 et
1379 1599 1546 1682 quod
1586 1598 1991 1683 sdrtunatum
2033 1594 2144 1661 isti
2181 1603 2448 1680 putant,

385 1707 653 1769 uccdrem
697 1722 1051 1789 numquam
1095 1700 1306 1766 habui.

382 1806 663 1871 Donatus
696 1806 777 1871 ad
813 1803 984 1872 hunc
1025 1826 1309 1872 versum:
1370 1826 1405 1868 »
1434 1804 1702 1870 Romani
1730 1804 1998 1886 scilicet,
2025 1804 2135 1896 qui
2159 1808 2455 1874 coelibem

381 1933 420 1976 >›
448 1911 627 2001 quasi
663 1914 946 1977 coelitem
978 1910 1222 1976 dicunt.
1290 1910 1368 1974 Et
1417 1908 1567 1976 item
1606 1909 1864 1990 Graeci,
1907 1911 2079 2001 apud
2115 1932 2273 2001 quqs
2308 1926 2454 1977 sunt

388 2013 806 2102 »hujusmodi
846 2015 1218 2081 sententiae:

385 2120 1646 2188 ΓΑΜΕΙΠΑΜΦΙΛΟΟΓΑΜΕΙΤω
1672 2119 2458 2199 'KAyAPIAHAIKH-

2109 2223 2302 2312 [GeN
2300 2230 2456 2291 ME.

388 2333 757 2423 Corruptam
796 2330 1164 2399 sententiam
1193 2332 1325 2417 jam
1374 2328 1483 2396 alii
1523 2329 1711 2396 credo
1748 2328 2252 2395 emendaverunt.
2304 2327 2456 2394 Mihi

384 2452 701 2529 praeterea
743 2459 957 2504 versus
1001 2432 1254 2498 videtur
1296 2455 1424 2499 esse
1467 2433 1852 2513 trochaicus,
1897 2433 1982 2497 ita
2007 2432 2456 2500 restituendus:

475 2539 813 2625 Πάμφιλος
858 2547 1061 2621 γαμεῖ.
1110 2579 1199 2590 —
1243 2542 1541 2623 Γαμείτω
1588 2565 1601 2606 :
1649 2544 1754 2605 καὶ
1803 2544 1920 2627 γὰρ
1962 2538 2214 2624 ἠδίκησέ
2259 2565 2354 2620 με.

392 2648 666 2738 Apparet
713 2646 866 2711 duas
911 2644 1017 2710 hic
1059 2644 1235 2740 loqui
1278 2668 1592 2737 personas.
1658 2648 1726 2711 In
1772 2644 2051 2712 eamdem
2086 2645 2456 2711 sententiam

391 2768 479 2820 est
532 2774 778 2832 versuS,
842 2775 1027 2843 quem
1083 2751 1274 2819 habet
1317 2767 1534 2818 auctor
1582 2752 1663 2816 ad
1717 2750 2096 2817 Herennium
2139 2751 2213 2815 11.
2259 2754 2295 2837 §
2339 2753 2456 2816 39:

388 2862 617 2925 Miseri
678 2868 831 2926 sunt
891 2861 1004 2945 qui
1062 2879 1298 2924 umores
1362 2862 1617 2924 ducunt.
1670 2856 1748 2920 cf.
1811 2855 2000 2920 etiam
2060 2851 2268 2918 Plauti
2325 2853 2462 2919 Tri-

387 2982 620 3025 numm.
659 2961 731 3029 V.
781 2963 819 3024 2
866 2983 957 3026 vs.
1004 2962 1282 3024 60-62.

389 3267 459 3335 V.
509 3271 549 3333 3
598 3289 685 3331 vs,
736 3268 855 3331 38:

476 3375 622 3438 Duo
668 3377 812 3438 cum
854 3376 1026 3439 idem
1065 3375 1317 3459 faciunt
1336 3426 1352 3451 ,
1404 3375 1594 3458 εάθρο
1638 3382 1712 3438 ut
1747 3374 1955 3457 possis
1979 3373 2239 3452 dicere,

474 3479 588 3543 1200
634 3479 779 3544 licet
819 3483 1081 3563 impune
1123 3482 1334 3564 [dcere
1378 3482 1555 3559 haio,
1602 3480 1706 3545 mi
1744 3481 1878 3544 ndu
1922 3478 2088 3542 licet.

390 3602 600 3646 sensus
646 3581 1023 3672 impeditior.
1113 3581 1317 3650 Verba
1386 3582 1789 3668 grammatice
1855 3580 1942 3646 ita
1996 3579 2320 3668 jungenda
2364 3577 2460 3643 vi-

388 3685 649 3752 dentur:
719 3688 854 3777 (ita)
902 3699 978 3756 ut
1018 3709 1206 3775 saepe
1243 3693 1454 3774 possis
1497 3692 1703 3756 dicare
1722 3738 1738 3768 ,
1798 3706 1941 3755 oum
1987 3690 2110 3753 duo
2152 3689 2319 3754 idom
2359 3686 2461 3772 fa-

388 3792 590 3868 ciunt,
635 3791 749 3856 hoc
795 3793 939 3857 licet
979 3800 1087 3858 etc.
1175 3790 1298 3856 Sed
1344 3788 1637 3856 accentfis
1683 3813 1869 3856 causa
1926 3791 1990 3855 in
2038 3813 2217 3857 versu
2262 3788 2461 3858 altero

304 3943 307 3948 .
391 3893 659 3961 scrihere
704 3894 920 3961 malim
942 3920 954 3959 :

480 4001 642 4066 Huic
687 4003 833 4068 licet
870 4004 1132 4084 impune
1173 4005 1385 4086 scivere
1430 4002 1577 4079 hoc,
1621 4003 1722 4067 im
1762 4002 1891 4066 πότι
1935 4004 2091 4068 licet.

395 4104 475 4168 Ut
521 4107 715 4189 magis
758 4105 1126 4174 exaudiatur
1164 4110 1324 4176 huic.
1395 4108 1550 4173 Nam
1591 4105 1899 4172 vocabula
1947 4131 2104 4196 quae
2163 4107 2224 4171 in
2280 4106 2459 4194 prin-
