3123 5126
1123 1104 1771 1212 CASINA.

490 1522 596 1588 ΙΙΙ.
646 1525 687 1585 2
732 1545 828 1588 vs.
886 1526 938 1586 l:

407 1628 469 1696 U
469 1636 516 1692 ‘t
523 1646 932 1712 properarem
947 1631 1267 1692 arcessere
1282 1626 1447 1691 hano
1468 1627 1553 1690 ad
1569 1646 1670 1691 me
1683 1626 1957 1693 &cirtam
1975 1621 2329 1707 nieomdzoo
2345 1639 2484 1695 erat

399 1732 670 1800 Ecastor
699 1733 770 1797 id
787 1779 804 1809 ‚
850 1734 1017 1816 quod
1049 1751 1154 1798 me
1182 1734 1282 1797 vir
1313 1741 1490 1797 tanto
1525 1752 1713 1815 opere
1748 1734 1972 1799 orabat
2006 1755 2210 1800 meus.

489 1837 718 1904 Neuter
766 1859 982 1903 versus
1015 1850 1180 1903 recte
1231 1836 1488 1901 incedit.
1551 1836 1739 1917 Quod
1776 1837 1856 1901 ad
1910 1859 2158 1904 sensum
2203 1839 2474 1918 adtinet,

403 1941 472 2007 in
513 1964 698 2008 versu
747 1940 945 2007 altero
980 1939 1357 2027 ejiciendum
1402 1953 1493 2004 est
1540 1960 1887 2029 pronomen
1938 1945 2032 2021 id,
2092 1943 2264 2034 quod
2302 1945 2479 2029 igno-

404 2064 548 2117 rant
579 2063 818 2114 veteres
858 2047 998 2114 edd.
1058 2046 1379 2110 Praeterea
1417 2065 1821 2110 numerorum
1858 2046 2057 2131 gratia
2099 2047 2370 2114 Weisius
2413 2050 2478 2113 in

403 2175 592 2219 versu
634 2152 832 2243 priori
873 2150 1053 2238 ejecit
1092 2153 1284 2229 hano,
1328 2147 1722 2236 adscivitque
1760 2170 1836 2212 ex
1880 2148 2100 2213 iisdem
2149 2147 2277 2215 illis
2314 2166 2471 2218 vett.

404 2257 548 2323 edd.
589 2258 654 2321 in
693 2274 785 2323 vs:
829 2258 924 2323 2⁰.
972 2253 1142 2320 huno
1179 2253 1495 2321 ordinem:
1541 2262 1718 2320 tanto
1753 2258 1853 2321 vir
1895 2275 2112 2339 opere,
2148 2280 2275 2346 quo
2314 2260 2481 2324 facto

409 2358 661 2429 sustulit
697 2360 1098 2426 durissimum
1141 2357 1386 2423 hiatum
1438 2356 1503 2421 in
1547 2367 1723 2429 tamo
1765 2379 1983 2445 opere,
2036 2360 2302 2429 alterum
2351 2386 2480 2429 non

407 2469 656 2533 curavit
692 2468 756 2532 in
789 2470 978 2552 opere
1014 2466 1262 2543 orabat,
1307 2477 1370 2527 et
1402 2459 1586 2527 illum
1620 2463 1728 2528 vix
1761 2464 2108 2548 ferendum,
2174 2467 2296 2533 Sed
2335 2467 2483 2532 vide

411 2599 490 2652 an
542 2574 858 2641 lenissima
911 2570 1290 2646 mutatione,
1346 2581 1408 2631 et
1453 2563 1698 2635 hiatum
1747 2565 1937 2635 istum
1977 2571 2223 2639 amoliri
2264 2587 2327 2638 et
2358 2596 2483 2639 nu-

410 2704 610 2752 meros
655 2677 893 2746 efficere
936 2674 1336 2741 suavissimos
1378 2670 1598 2740 liceat:

508 2790 564 2855 U
569 2793 618 2853 ‘t
633 2804 1045 2873 properarem
1073 2789 1393 2849 arcessere
1421 2783 1629 2848 istane
1660 2784 1746 2848 dd
1779 2803 1882 2850 me
1916 2787 2190 2851 vicinam
2226 2808 2436 2854 meam
2463 2838 2479 2866 ‚

496 2894 613 2958 Ιιόο
652 2900 791 2957 erat
828 2890 1070 2955 ecastor
1093 2936 1110 2965 ‚
1169 2888 1345 2972 quod*
1373 2904 1476 2952 me
1512 2889 1612 2951 vir
1654 2889 1980 2970 tantopere
2018 2890 2242 2956 orabat
2271 2912 2475 2957 meus.

408 3004 481 3068 In
520 2998 892 3090 pronomine
930 3000 1138 3062 istam
1179 2979 1334 3058 latet
1371 2991 1679 3084 quaedam
1711 2991 1842 3056 odii
1881 2992 2281 3077 significatio,
2324 3016 2483 3084 quae

411 3105 656 3192 egregie
695 3100 992 3167 convenit
1027 3094 1316 3189 zelotypo
1346 3093 1722 3162 Cleostratae
1756 3095 1989 3162 animo.
2038 3096 2214 3164 Certe
2235 3113 2487 3163 senten-

412 3211 538 3276 tiae
588 3204 924 3274 efficaciam
973 3201 1150 3268 haud
1201 3198 1425 3265 leviter
1475 3199 1894 3279 imminuet-is,
1947 3202 2000 3267 si
2052 3224 2195 3267 cum
2248 3203 2487 3269 Weisio

414 3335 760 3406 pronomen
805 3309 969 3378 hano
1012 3307 1264 3398 penitus
1310 3303 1630 3370 deleveris.
1689 3305 2060 3395 Saepissime
2098 3309 2272 3398 apud
2304 3305 2488 3373 Plau-

413 3433 550 3484 tum
588 3416 965 3508 pronomina
999 3416 1165 3479 hano
1199 3424 1261 3476 et
1292 3413 1499 3478 istane
1531 3410 2039 3494 confunduntur,
2074 3415 2254 3501 cujus
2275 3415 2488 3486 statim

414 3520 770 3612 exemplum
815 3516 1170 3606 subjiciam:
2014 3533 2021 3542 ·

1253 3703 1689 3716 m

404 3803 839 3884 -V.2vs.:l

415 3919 636 4046 Neque
668 3935 792 4001 quo
825 3915 1110 4001 suqiam,
1148 3937 1354 4002 nequo
1387 3904 1503 3982 ubi
1533 3918 1806 3994 lateam,
1846 3935 2051 4002 neque
2081 3917 2197 3983 hoo
2225 3919 2494 3984 dedecus

1931 4025 2237 4108 quomodo
2282 4026 2493 4089 celem.

427 4061 993 4191 Persuasissimum
1014 4123 1171 4192 mihi
1211 4124 1554 4206 est,·l‘1unc
1609 4147 1857 4192 versum
1901 4138 2185 4191 constare
2226 4122 2496 4191 trochai-

2092 4227 2128 4285 3
2157 4229 2186 4261 R
