3123 5126
518 747 708 797 autem
753 736 859 795 boc
906 732 1180 815 opusculo
1203 778 1217 802 ,
1263 730 1418 790 illud
1459 742 1691 790 teneant
1741 731 1917 789 velim
1948 731 2211 806 lectores,
2246 752 2365 793 non
2418 734 2587 793 aliud

518 856 707 895 meum
738 835 929 900 fuisse
942 831 1337 913 propositum,
1378 832 1506 888 nisi
1558 839 1626 887 ut
1655 848 2075 909 progressuum
2120 852 2376 892 meorum
2434 835 2587 892 viris

520 934 707 993 doctis
751 931 994 1012 aliquod
1031 932 1320 1013 specimen
1368 928 1714 987 esi-biberem.
1793 927 1926 986 Non
1967 933 2126 989 enim
2163 941 2388 990 tantum
2437 933 2588 993 milui

520 1050 731 1111 arrogo
756 1075 768 1099 ,
804 1038 871 1086 ut
902 1028 1133 1087 credam
1175 1032 1329 1109 ipsis
1370 1049 1458 1087 me
1491 1028 1683 1087 literis
1716 1028 1953 1109 aliquid
1989 1031 2254 1090 attulisse
2283 1033 2586 1093 commodi.

521 1130 675 1189 Nam
714 1130 866 1189 mihi
887 1174 902 1201 ‚
937 1133 995 1189 si
1027 1130 1121 1191 vel
1156 1131 1283 1190 alia
1316 1130 1585 1189 adessent
1615 1131 1814 1189 omnia
1830 1174 1846 1201 ,
1880 1129 2081 1188 delirat
2118 1140 2269 1189 certe
2300 1131 2590 1213 ejusmodi

521 1237 838 1309 apparatus
869 1229 1117 1287 criticus
1137 1273 1153 1300 ,
1188 1230 1298 1309 qui
1320 1227 1585 1305 sufficiat
1623 1229 1714 1298 ei,
1750 1229 1860 1307 qui
1897 1246 2094 1288 veram
2135 1228 2352 1310 ubique
2383 1230 2586 1289 lectio-

520 1348 653 1387 nem
678 1329 982 1387 restituere
1018 1328 1160 1389 velit
1176 1353 1204 1402 ,·
1245 1329 1462 1389 librum
1501 1326 1736 1387 MStum
1777 1327 2055 1387 habebam
2087 1327 2316 1388 nullum
2323 1352 2352 1402 ,·
2387 1350 2458 1388 ex
2490 1349 2585 1387 re-

521 1428 845 1485 centiorum
882 1436 1074 1486 autem
1107 1430 1347 1508 scriptis
1377 1426 1786 1487 desiderabam
1804 1431 2057 1487 maxime
2077 1427 2396 1488 Ritsobslii
2412 1448 2589 1508 opus-

523 1526 658 1585 cula
673 1570 688 1597 ‚
724 1525 897 1607 (quae
938 1527 1090 1586 mihi
1130 1547 1467 1608 comparare
1487 1529 1735 1609 frustra
1773 1526 2003 1611 studui)
2034 1538 2092 1588 et
2123 1527 2334 1589 Botluii
2372 1528 2588 1587 editio-

521 1645 653 1683 nem
674 1670 688 1694 ‚
719 1627 890 1704 cujus
910 1624 1255 1706 praeclaras
1287 1625 1574 1706 quasdam
1607 1629 1974 1707 conjecturas
2013 1628 2083 1684 in
2121 1626 2376 1685 aliorum
2408 1625 2587 1683 editi-

524 1722 737 1781 onibus
783 1732 1043 1782 enotatas
1083 1724 1232 1784 vidi.
1320 1724 1489 1807 Quod
1520 1736 1714 1784 tamen
1749 1726 1844 1785 vel
1878 1729 1970 1784 sic
1999 1724 2080 1783 ad
2116 1724 2268 1783 hanc
2287 1724 2590 1783 literarum

508 1832 778 1904 partem,
820 1823 1008 1902 paulo
1062 1824 1299 1903 quidem
1353 1823 1790 1902 difficiliorem,
1830 1824 1935 1883 sed
1976 1824 2359 1884 utilissimam
2395 1834 2590 1882 tamen

519 1931 575 1980 et
589 1918 1130 2030 jucundissimam,
1168 1924 1551 1993 accesserim,
1587 1920 1693 1980 hoc
1717 1923 1876 2001 oequi
1909 1920 2143 1981 lectores
2181 1941 2403 1981 summo
2425 1941 2588 1980 amo-

523 2019 615 2087 ri,
657 2036 771 2096 quo
823 2018 1075 2077 comicos
1126 2018 1375 2077 Latinos
1408 2039 1758 2099 prosequor,
1796 2018 2084 2092 tribuant,
2111 2041 2232 2079 non
2275 2023 2591 2080 temeritati

520 2128 627 2177 aut
663 2114 970 2197 superbioe.
1032 2156 1035 2159 -
2285 2165 2301 2184 .

603 2218 812 2278 Restat
866 2224 934 2272 ut
978 2217 1226 2296 pietatis
1304 2212 1500 2291 officio
1570 2215 1951 2295 satisfaciam
1971 2259 1985 2286 ,
2041 2226 2389 2297 gratumque
2453 2236 2595 2296 erga

513 2327 919 2399 praeceptores
959 2315 1233 2373 animum
1258 2312 1598 2393 significem
1615 2335 1644 2384 ;
1678 2314 1747 2370 in
1779 2332 1892 2392 quo
1930 2311 2126 2372 brevis
2149 2333 2247 2373 ero
2266 2336 2296 2385 ;
2326 2332 2466 2371 nam
2498 2331 2593 2369 res

524 2416 733 2497 loquar
761 2415 1121 2474 notissimas.
1202 2409 1352 2492 Quis
1392 2412 1552 2469 enim
1578 2431 1649 2469 ec
1682 2420 1847 2470 tanta
1863 2414 2158 2493 juvenum
2195 2411 2589 2483 multitudine,

524 2515 632 2597 qui
667 2512 987 2595 bennepii‚
1022 2513 1146 2571 oiri
1177 2510 1570 2584 celeberrimi,
1613 2513 1716 2571 nsi
1753 2522 1894 2571 sunt
1910 2512 2283 2572 institutione
2301 2555 2317 2584 ‚
2337 2511 2591 2595 iqnorat,

525 2614 621 2674 vel
655 2614 791 2693 quis
827 2633 948 2673 non
971 2614 1173 2693 potius
1198 2614 1547 2693 gratissimo
1586 2613 1786 2672 animo
1827 2612 2172 2673 recordatur
2191 2657 2206 2685 ,
2240 2633 2418 2693 quam
2437 2631 2593 2693 egre·

522 2713 668 2794 gius
695 2710 800 2771 ille
841 2731 975 2770 cum
1013 2710 1093 2770 ad
1122 2710 1506 2770 erudiendum
1521 2757 1535 2783 ,
1576 2722 1699 2771 tum
1719 2711 1815 2784 rad
1854 2710 2180 2771 acuendum
2198 2711 2594 2771 eaeoolendum-

524 2834 636 2895 que
675 2814 981 2894 inqenium
1012 2811 1302 2871 exstiterit
1326 2811 1609 2892 magister
1627 2810 1658 2869 ?
1697 2810 2022 2871 Juniorum
2056 2820 2275 2882 autem,
2318 2814 2425 2890 qui
2473 2832 2593 2871 me-

526 2930 662 2971 cum
701 2910 996 2970 Bosscliae
1016 2956 1031 2982 ,
1070 2911 1195 2970 viri
1235 2910 1561 2970 clarissimi
1575 2957 1590 2983 ,
1623 2911 1839 2971 scholis
1870 2913 2298 2990 interfuerunt,
2323 2912 2457 2991 quis
2477 2922 2591 2982 est,

527 3013 634 3090 qui
669 3029 790 3069 non
817 3008 1165 3090 profiteatur
1179 3055 1193 3081 ,
1227 3031 1289 3069 se
1309 3010 1640 3091 plurimum
1676 3010 1817 3070 inde
1852 3011 2185 3092 profecisse
2228 3009 2308 3067 ad
2338 3011 2593 3070 interio-

524 3130 649 3169 rem
678 3109 917 3190 linguae
964 3107 1221 3167 Graecae
1254 3108 1619 3187 Latinaeque
1660 3110 2083 3190 cognitionem‚
2130 3117 2185 3166 et
2237 3106 2317 3166 ad
2368 3128 2592 3166 omnem

526 3229 726 3268 veram
763 3206 1222 3265 humanitatem?
1302 3207 1435 3288 Ego
1491 3217 1641 3265 certe
1672 3206 1770 3265 lais
1804 3209 1959 3265 viris
1997 3216 2222 3266 tantum
2268 3227 2360 3264 me
2395 3204 2594 3263 debere

529 3305 800 3385 intelligo
814 3350 828 3376 ,
875 3317 1158 3385 quantum
1210 3304 1404 3364 verbis
1439 3306 1761 3384 exprimere
1788 3303 2034 3382 difficile
2067 3306 2150 3363 sit
2168 3328 2196 3376 ,·
2235 3324 2343 3362 nec
2383 3302 2598 3385 dignas

527 3406 612 3462 iis
638 3406 873 3485 gratias
914 3426 1085 3486 agere
1112 3424 1373 3485 possum.
1442 3402 1609 3483 Quod
1639 3423 1822 3462 unum
1848 3424 2121 3484 possum,
2176 3406 2419 3463 summis
2467 3403 2597 3483 opi—

532 3503 639 3562 bus
683 3505 926 3563 annitar
947 3549 961 3574 ‚
1011 3515 1078 3562 ut
1136 3523 1283 3562 cura
1321 3513 1378 3561 et
1408 3501 1807 3562 benevolentia
1829 3548 1843 3573 ,
1888 3524 2065 3583 quam
2103 3506 2173 3561 in
2215 3525 2304 3562 me
2340 3503 2598 3562 contule-

532 3610 672 3660 runt
697 3611 1102 3680 praeceptores
1134 3601 1618 3659 aestumatissimi
1634 3643 1649 3670 ‚
1671 3620 1791 3659 non
1823 3599 2118 3681 indignus
2132 3601 2339 3677 fuisse
2376 3597 2596 3667 videar,

532 3709 775 3780 votaque
798 3700 1012 3781 facere
1051 3718 1171 3759 non
1220 3697 1484 3756 desinam
1505 3741 1519 3767 ‚
1555 3705 1623 3754 ut
1652 3693 1817 3755 Deus
1847 3695 1914 3754 O.
1957 3694 2032 3754 M.
2071 3697 2254 3753 vitam
2297 3697 2380 3751 iis
2416 3695 2593 3771 largi-

536 3809 669 3857 atur
694 3800 763 3856 in
802 3818 1028 3858 summa
1056 3796 1358 3877 felicitate
1398 3793 1756 3854 diuturnam.

1434 4046 1640 4069 ..ι-ψ.
