3123 5126
1378 597 1457 665 19

378 788 744 870 suetudine3
824 788 1048 854 deinde
1102 794 1507 875 complectere
1579 787 1739 857 male
1785 794 1952 859 acuit
2009 791 2457 885 penultimam,

380 912 698 987 postremo
739 909 1081 986 sequuntur
1127 910 1248 960 tres
1284 893 1563 984 syllabae
1606 897 1937 965 continuae
1974 901 2104 966 ictu
2143 918 2452 969 carentes}

383 1024 460 1070 re
520 1005 679 1089 saei,
743 1000 915 1090 quod
961 1022 1306 1091 numquam
1357 1002 1527 1092 apud
1556 1003 1847 1068 Plautum
1893 1005 1958 1069 in
2016 1005 2297 1094 iambicis
2351 1019 2459 1072 aut

384 1107 718 1174 trochaicis
743 1159 760 1191 ,
828 1108 947 1174 nisi
1012 1110 1231 1199 paucis
1288 1110 1351 1174 in
1398 1106 1679 1176 versibus
1718 1111 2048 1202 corruptis,
2106 1112 2215 1201 qui
2248 1125 2457 1177 tamen

381 1237 597 1280 omnes
623 1215 749 1279 fere
781 1218 917 1302 jam
951 1230 1095 1280 sunt
1132 1212 1463 1282 emendati.
1554 1218 1626 1281 In
1669 1232 1884 1282 nostro
1926 1215 2067 1283 loco
2111 1239 2457 1306 pronomen

381 1324 547 1388 mihi
578 1334 919 1411 utcumque
957 1320 1155 1412 priori
1195 1321 1403 1387 versui
1464 1319 1916 1413 applicandum
1971 1321 2256 1403 videtur,
2290 1336 2354 1389 et
2390 1322 2458 1387 in

380 1422 578 1491 altero
614 1448 800 1491 versu
845 1424 1206 1512 legendum:

422 1590 425 1595 .
473 1531 900 1614 Complectere
950 1553 1052 1597 me
1085 1544 1205 1595 etc.

381 1632 524 1698 Mox
582 1632 648 1698 in
691 1634 877 1699 versu
930 1637 1008 1698 57
1065 1634 1260 1699 miror
1317 1628 1585 1700 editores
1639 1654 1756 1726 pro
1807 1658 1909 1703 me
1947 1654 2074 1701 non
2114 1634 2458 1727 reposuisse

391 1750 454 1806 te
478 1789 494 1820 ,
528 1738 701 1829 quod
749 1761 896 1804 sane
949 1736 1229 1829 postulat
1269 1742 1589 1805 sententia.
1628 1742 1699 1805 cf
1728 1760 1818 1807 vs.
1860 1742 1984 1806 106
2017 1764 2151 1832 sqq.

384 1840 614 1914 Versus
661 1844 745 1910 74
782 1846 867 1909 ita
897 1846 1155 1912 fortasse
1196 1841 1494 1930 legendus
1526 1866 1557 1910 :2

385 1952 689 2017 Dameus
725 1954 958 2017 ocellus
987 2001 1004 2029 ‚
1055 1956 1193 2016 mea
1223 1971 1388 2030 rosa,
1415 1972 1597 2017 meus
1627 1954 1887 2017 «inimus
1906 2000 1923 2029 ‚
1972 1971 2116 2017 mea
2129 1952 2459 2035 voltiptas!

386 2067 535 2121 nam
580 2076 763 2146 saepe
808 2055 980 2145 apud
1017 2051 1307 2119 Plautum
1354 2054 1783 2120 nominativus
1829 2054 2108 2120 vocativi
2159 2052 2299 2120 loco
2337 2072 2460 2143 po·

387 2161 580 2227 nitur.

398 2526 401 2529 ,
480 2468 646 2533 Grex
690 2486 780 2532 vs,
818 2472 877 2532 6.

439 2576 680 2642 Remm·
728 2580 1062 2660 impetrari
1094 2594 1281 2660 posse
1309 2621 1326 2654 ‚
1379 2576 1439 2643 si
1464 2573 1768 2660 plausum
1805 2573 1896 2643 sie
1934 2577 2180 2645 elerum
2199 2653 2202 2656 ,
2221 2578 2408 2645 datis.

487 2682 790 2761 WeisiuS‚
852 2696 922 2746 ut
985 2704 1200 2749 versus
1258 2697 1608 2763 constaret,
1674 2703 1792 2773 pro
1847 2688 1938 2752 sie
1991 2680 2147 2770 legit
2207 2687 2341 2765 hic3
2396 2693 2460 2748 at

394 2779 659 2851 Plautus¹
688 2788 821 2851 sine
853 2786 1281 2853 controversia
1320 2789 1685 2877 scripseratt

481 2892 728 2956 Re'mur
772 2894 1107 2974 impetra'ri
1156 2910 1344 2974 posse
1372 2942 1388 2970 ‚
1441 2897 1745 2976 plausum
1802 2895 1862 2958 si
1899 2896 2143 2958 claram
2189 2894 2371 2958 datis,

391 3014 469 3061 ex
508 2999 568 3061 si
597 2999 842 3062 clarum
890 2998 1200 3081 geminata
1240 2993 1419 3061 litera
1466 3019 1498 3062 e
1537 3017 1680 3060 cum
1731 2995 1967 3061 factum
2008 3009 2165 3061 esset
2201 2999 2291 3062 sie
2332 2999 2459 3061 cla·

396 3122 575 3178 rum,
650 3098 891 3164 librarii
934 3115 1149 3190 postea
1186 3122 1398 3166 sensus
1443 3098 1743 3168 fulciendi
1790 3101 2024 3185 gratia,
2069 3097 2211 3166 loco
2257 3096 2460 3164 alieno

396 3204 781 3270 intruserunt
825 3208 904 3271 si.
