3123 5126
1633 514 1675 574 8

622 723 763 767 rum
806 700 1285 790 transpositione
1307 754 1324 783 ,
1364 705 1558 789 magis
1601 717 1806 769 tamen
1856 702 2133 770 adducor
2181 717 2252 769 ut
2285 703 2534 769 credam
2563 723 2685 767 vo—

623 804 833 872 cabuli
874 807 1204 873 omissione
1245 830 1374 903 esse
1405 823 1789 898 corruptum.
1879 806 2289 875 Scribendum
2333 808 2615 872 fortasse:

703 914 829 979 Βόα
874 916 1027 998 qaid
1062 917 1160 980 ais
1180 925 1206 978 ?
1246 918 1396 999 qaid
1416 914 1892 999 A‘mphitruoni
1937 917 2098 982 dano
2143 934 2185 978 a
2235 912 2519 979 Telebois
2567 913 2686 976 da-

2428 1017 2688 1083 tum'st?

622 1119 786 1185 infra
830 1119 861 1183 1
905 1122 981 1198 3,
1025 1143 1115 1185 vs.
1164 1123 1266 1185 36.
1663 1170 1664 1175 η

712 1226 897 1291 Ndnc
940 1225 1055 1289 tihi
1081 1226 1247 1290 hanc
1278 1229 1572 1309 patordm
1591 1279 1607 1304 ‚
1654 1247 1817 1311 quac
1870 1229 2034 1293 dono
2071 1228 2165 1292 mi
2205 1227 2338 1291 illic
2373 1223 2451 1289 ob
2487 1226 2686 1287 virta-

2267 1336 2389 1395 tem
2424 1330 2657 1392 data'st
2674 1374 2691 1404 ,

628 1433 738 1499 ubi
783 1433 1180 1499 scribendum
1222 1437 1508 1502 videtur:

713 1547 899 1612 Ndnc
942 1547 1106 1611 hanc
1144 1553 1436 1629 pateram
1459 1593 1476 1621 ,
1526 1546 1690 1628 qaa'c
1733 1543 1894 1606 mihi
1934 1543 2064 1606 illic
2090 1542 2252 1605 dono
2284 1537 2362 1603 ob
2398 1539 2694 1601 virtuto‘m

2434 1644 2695 1717 data'st,

720 1755 1121 1832 A‘lcamcna‚
1169 1755 1284 1819 tibi
1327 1757 1630 1819 condono,

634 1883 760 1953 quo
808 1860 976 1924 sacto
1029 1872 1318 1924 accentus
1363 1855 1583 1923 melius
1616 1855 1889 1934 cadunt,
1927 1852 2168 1919 elevata
2220 1852 2426 1942 prima
2467 1852 2534 1915 in
2572 1872 2697 1934 pa-

633 1980 877 2041 teram,·
911 1963 1192 2030 eamdem
1238 1960 1321 2027 ob
1376 1984 1627 2027 causam
1665 1962 1829 2026 infra
1872 1961 1930 2024 11
1977 1962 2015 2023 2
2060 1983 2150 2026 vs.
2196 1960 2314 2022 141
2365 1954 2697 2041 legendum

634 2070 924 2134 fortasse:

721 2174 795 2239 Si
835 2175 988 2240 hdoc
1032 2174 1221 2239 hahet
1259 2176 1441 2239 illam
1481 2175 1796 2257 pdtoram.
1841 2208 1929 2220 —
1966 2171 2064 2236 An
2111 2172 2301 2235 otiam
2339 2170 2408 2233 id
2461 2168 2660 2232 crc‘dis
2677 2219 2692 2243 ,

1949 2278 2204 2359 quaein
2225 2273 2537 2339 cistellula
2558 2271 2691 2336 hac.

639 2383 997 2474 ibidemque
1033 2404 1218 2449 versu
1268 2384 1421 2445 151:

692 2488 820 2554 Aac
856 2489 956 2552 hic
995 2487 1287 2571 pateram
1329 2489 1537 2551 induo
1580 2493 1840 2569 oportet.
1890 2520 1979 2532 -——
2022 2483 2331 2568 A‘qednm
2374 2483 2545 2548 solvo
2564 2500 2701 2547 cam

2393 2589 2703 2654 cistulam.

1458 2777 1913 2785 ——sso—

911 2942 921 2953 .
975 2894 1004 2952 1
1060 2939 1071 2952 .

643 2892 672 2955 Ι
720 2894 786 2971 2,
834 2912 905 2955 vs
1015 2893 1054 2953 3
1406 2992 1697 3075 Denique
1739 2991 2151 3056 Alcumenam
2193 2992 2445 3074 Jupiter

904 3116 1171 3200 Rediqoc
1211 3118 1543 3199 antiquam
1588 3115 1876 3198 conjnqis·
1920 3117 1992 3178 in
2037 3114 2445 3178 concordiam.

648 3218 1040 3307 Quamquam
1090 3241 1236 3284 usus
1298 3219 1716 3302 genitivorum
1735 3269 1750 3297 ,
1789 3218 2151 3307 praesertim
2212 3215 2380 3305 apud
2435 3227 2708 3290 vetustos

649 3323 979 3412 scriptores
997 3372 1030 3402 ,.
1060 3323 1142 3387 sit
1177 3321 1514 3387 admodum
1548 3324 1832 3413 frequens
1853 3375 1869 3404 ‚
1903 3322 2267 3388 habentium
2306 3318 2541 3387 scilicet
2578 3319 2711 3382 vim

648 3427 919 3490 activam
955 3441 1016 3491 et
1056 3427 1409 3520 passivam,
1457 3428 1666 3492 nescio
1707 3442 1912 3493 tamen
1962 3452 2037 3493 an
2088 3428 2192 3493 hic
2232 3440 2395 3491 recte
2441 3424 2711 3490 dicatur:

644 3533 926 3615 rodiqoro
967 3533 1242 3614 aliquem
1285 3534 1354 3595 in
1399 3533 1675 3615 alicujus
1718 3535 2134 3611 concordiam,
2162 3553 2279 3622 pro
2308 3553 2379 3595 eo
2408 3528 2578 3621 quod
2597 3542 2707 3594 est:

645 3639 716 3702 in
763 3638 1156 3702 concordiam
1201 3654 1344 3700 cum
1389 3636 1646 3718 aliqum
1699 3634 1805 3698 sed
1851 3635 2055 3699 minus
2098 3636 2283 3700 etiam
2331 3632 2541 3724 placet
2571 3634 2715 3698 Lin-

652 3737 943 3803 demanni
1005 3741 1395 3825 conjectura:
1462 3741 1754 3825 conjthi,
1813 3761 1938 3829 quo
1976 3762 2189 3806 versus
2224 3740 2477 3830 quidem
2529 3762 2717 3804 sana-

650 3858 753 3908 tur
779 3896 796 3921 ,
861 3844 969 3908 sed
1018 3845 1111 3908 vis
1157 3844 1418 3909 infertur
1476 3844 1812 3908 Latinitati.
1905 3841 2292 3912 Vocabulum
2334 3847 2618 3931 conjuqis
2649 3843 2714 3906 in

651 3949 825 4014 Codd
870 3950 1137 4015 incertae
1176 3963 1267 4015 est
1332 3949 1493 4014 sedis
1517 3999 1533 4027 ,
1581 3972 1771 4040 quare
1811 3972 1935 4014 non
1984 3951 2169 4016 nimis
2211 3950 2400 4017 fuerit
2455 3964 2716 4015 temera·

652 4053 849 4134 rium,
878 4053 965 4118 ita
998 4077 1241 4122 versum
1276 4055 1609 4140 refingere:
