3123 5126
1461 590 1544 651 99

455 792 608 846 sunt
668 776 868 844 Plaut.
929 777 1102 843 Curc.
1169 778 1216 842 1.
1271 781 1300 840 1
1360 799 1448 843 vs.
1501 780 1625 858 213
1669 777 2008 867 eodemque
2041 777 2299 843 fortasse
2342 774 2532 840 modo

457 883 857 969 corrigendus
895 883 1084 949 etiam
1112 880 1312 947 Plaut.
1359 881 1499 948 cist.
1548 883 1593 947 1.
1645 888 1676 945 1
1729 906 1817 948 vs.
1866 884 1968 947 98.
2058 882 2131 947 In
2181 904 2368 947 versu
2429 903 2538 945 au-

458 1000 582 1054 tem
634 991 917 1079 sequenti
973 989 1252 1078 Guyetus
1314 1001 1376 1053 et
1402 984 1719 1076 Bentlejus
1765 1010 1840 1053 ex
1883 987 2074 1053 Cod‘d.
2123 1001 2534 1079 reposuerunt

459 1096 552 1159 mi
593 1096 727 1180 jus·
758 1115 876 1184 pro
948 1098 1043 1160 mi
1088 1095 1266 1180 ejus,
1335 1092 1508 1182 quod
1565 1091 1723 1158 mihi
1781 1093 2021 1178 egregie
2071 1090 2318 1183 placet3
2386 1116 2533 1159 nam

456 1198 597 1283 ejus
630 1219 940 1288 nusquam
977 1195 1190 1261 referri
1222 1196 1546 1261 commode
1581 1210 1826 1287 potest3
1867 1198 2106 1287 quippe
2124 1198 2333 1262 uxoris
2356 1220 2532 1262 men-

456 1302 545 1366 tio
602 1302 769 1367 facta
816 1325 943 1367 non
1002 1315 1160 1380 erat,
1222 1304 1347 1366 ntsi
1402 1302 1466 1365 in
1506 1324 1596 1367 vs.
1648 1304 1766 1381 17,
1811 1301 1920 1393 qui
1960 1300 2131 1366 locus
2170 1300 2363 1392 paulo
2392 1300 2532 1366 lon-

454 1406 592 1491 gius
629 1406 779 1473 hinc
816 1421 1086 1473 remotus
1124 1419 1250 1485 est,
1297 1429 1486 1497 quam
1526 1421 1600 1471 ut
1649 1429 1722 1471 eo
1754 1407 1979 1497 respici
2027 1409 2259 1498 possit;
2306 1407 2532 1498 quodsi

443 1515 564 1599 jus
616 1513 975 1603 scripseris,
1038 1513 1198 1577 inest
1262 1510 1325 1574 in
1382 1508 1493 1575 illa
1539 1512 1844 1577 sententia
1892 1512 2298 1599 disjunctiva,
2335 1534 2532 1603 quae—

454 1615 601 1681 dam
662 1617 904 1703 argutia
965 1616 1250 1682 Terentio
1316 1613 1640 1680 familiaris
1695 1628 1758 1680 et
1807 1614 2023 1700 digna.
2116 1615 2306 1682 Andr.
2376 1615 2521 1680 11.1

456 1745 546 1789 vs,
596 1725 715 1788 20:
2377 1781 2401 1811 ‚

453 1828 670 1912 Neque
703 1829 813 1910 pol
840 1829 1065 1893 consili
1087 1830 1294 1894 locum
1325 1829 1521 1894 habeo
1539 1877 1555 1905 ‚
1600 1835 1800 1912 πότμου
1824 1830 1907 1892 ad
1927 1830 2247 1893 auxilium
2268 1831 2526 1912 copiam.

451 1930 576 1996 Nec
621 1930 964 1996 verendum
1028 1945 1153 2009 est,
1218 1931 1438 2011 credo,
1502 1954 1582 1995 ne
1651 1930 1756 1996 hic
1798 1954 1871 1997 ex
1905 1954 2092 1996 versu
2130 1930 2528 2023 praecedenti

455 2037 537 2102 ad
591 2034 855 2101 verbum
909 2037 1243 2100 amittendi
1297 2032 1610 2119 intelligas
1652 2056 1936 2103 amorem
1976 2035 2173 2126 (quod
2212 2036 2346 2127 ipse
2376 2034 2528 2101 olim

455 2154 767 2219 metuens,
820 2136 1227 2227 conjiciebam
1286 2136 1347 2202 h.
1409 2137 1449 2202 l.
1520 2150 1596 2204 uc
1644 2148 1846 2226 ne'que
1892 2145 1985 2207 mi
2016 2144 2136 2227 jus
2189 2145 2274 2207 sit
2319 2160 2529 2205 meam

455 2243 809 2331 mittendi);
854 2266 1001 2307 nam
1039 2241 1322 2308 absolute
1359 2243 1825 2334 quodammodo
1855 2242 1961 2308 hic
1996 2259 2321 2335 ponuntur
2344 2247 2530 2309 amit-

455 2350 634 2418 tendi
669 2364 731 2416 et
768 2351 1086 2416 retinendi
1115 2345 1328 2413 verba.
1400 2348 1577 2429 Quae
1607 2347 2000 2414 Burmannus
2035 2348 2116 2413 ad
2157 2348 2327 2433 Virg.
2363 2347 2519 2412 Aen.

452 2454 554 2523 XI.
619 2456 746 2520 699
819 2475 880 2518 n.
938 2454 1022 2517 96
1071 2451 1266 2532 dixit,
1312 2451 1395 2516 ad
1439 2449 1920 2541 improbandam
1969 2450 2134 2516 hanc
2171 2449 2521 2527 lectionem,

451 2582 679 2650 parum
711 2555 940 2625 valent.

538 2896 611 2963 V.
659 2897 699 2958 8
763 2917 855 2960 vs.
918 2897 999 2959 87
1071 2916 1152 2962 ecc
1179 2899 1306 2964 illo.
1396 2897 1489 2960 Ita
1539 2899 1810 2962 mutavit
1854 2892 2199 2981 Bentlejus,
2245 2915 2343 2958 me
2388 2913 2519 2957 non

447 2995 799 3088 probante·
862 3000 967 3064 Em
1022 3002 1132 3066 illo
1190 3023 1533 3091 numquam
1579 3001 1655 3067 de
1714 3016 1991 3091 tempore
2041 2998 2351 3089 praesenti
2390 2996 2518 3061 dici

445 3103 697 3169 videtur
717 3154 731 3183 ,
796 3123 871 3167 ex
937 3102 1002 3167 vi
1050 3105 1441 3194 pronominis
1492 3110 1602 3175 ille
1625 3159 1640 3188 ,
1703 3129 1828 3199 quo
1896 3127 2136 3195 semper
2200 3102 2522 3170 indicatur

452 3203 693 3296 aliquid
739 3205 1050 3272 remotius.
1150 3201 1151 3206 ’
