3123 5126
1589 533 1670 596 76

608 707 733 775 Sed
781 718 1100 796 receptum
1135 704 1472 773 verborum
1515 706 1813 793 ordinem
1856 718 1986 772 tam
2037 706 2287 799 penitus
2347 707 2680 775 immutare

501 865 511 880 ,
608 826 671 878 et
720 811 1114 877 temerarium
1155 825 1279 891 est,
1315 833 1429 877 nec
1474 810 1537 877 h.
1581 809 1621 877 l.
1660 811 2088 878 necessarium.
2157 811 2473 897 Legerim:

607 917 764 983 Sino
775 920 1049 984 vicissim
1074 965 1090 995 ,
1118 919 1229 1003 qua
1249 921 1427 998 dane,
1452 904 1715 985 obscena
1739 967 1758 996 ‚
1782 918 1948 1004 quaa
1965 922 2155 995 aaut,
2179 903 2385 1002 open}
2404 919 2589 983 aecer.

607 1020 749 1085 Mox
789 1042 975 1086 versu
1018 1023 1100 1084 45
1145 1041 1416 1111 repono:
1462 1023 1683 1108 qune
1718 1031 1793 1089 ut
1825 1024 1979 1088 haec
2013 1024 2176 1088 mihi
2201 1023 2415 1105 patiar
2444 1019 2590 1106 fieri
2605 1030 2633 1085 2

607 1333 718 1400 His
762 1332 845 1399 ad
882 1330 1175 1399 Plautum
1218 1332 1530 1397 adnotatis
1577 1328 1843 1417 subjicio
1881 1334 2189 1424 quaedam
2216 1332 2297 1399 de
2331 1333 2679 1419 fragmento

609 1459 645 1501 a
689 1435 1015 1524 Fulgentio
1059 1459 1120 1502 v.
1159 1439 1366 1504 oriam
1396 1434 1589 1499 citato
1637 1455 1713 1498 ex
1752 1432 1961 1501 Plauti
2006 1438 2277 1506 Kabisto
2296 1464 2318 1504 .-

1313 1543 1486 1606 malo
1522 1542 1693 1604 hunc
1732 1542 1987 1625 amqari
2018 1545 2105 1606 ad
2138 1545 2364 1622 oriam,

693 1649 770 1709 ut
808 1666 1059 1731 semper
1092 1648 1368 1732 paccatur
1382 1694 1398 1723 ,
1441 1647 1563 1709 etsi
1602 1644 1693 1709 sit
1743 1653 2080 1728 tempestas
2118 1650 2446 1713 mdmuma.

609 1749 829 1816 Nescio
863 1765 1075 1816 utrum
1105 1748 1358 1816 aliunde
1398 1749 1588 1813 etiam
1628 1761 1868 1823 constet
1907 1747 1984 1813 de
2022 1747 2143 1814 hac
2174 1749 2386 1816 Plauti
2427 1750 2681 1817 Comoe-

612 1854 717 1921 dia
740 1907 756 1938 ‚
808 1880 888 1922 an
927 1855 1032 1922 hic
1065 1858 1285 1923 unicus
1331 1856 1411 1951 sit
1451 1852 1660 1932 locus,
1702 1849 1813 1917 ubi
1853 1854 2114 1919 Kaloisti
2153 1851 2405 1919 fabulae
2447 1854 2682 1920 mentio

608 1958 737 2024 fiat.
826 1959 1066 2040 Quodsi
1100 1957 1408 2043 Fulgentii
1454 1955 1811 2021 auctoritati
1844 1953 2021 2020 nulla
2059 1954 2181 2023 alia
2219 1959 2512 2040 accedat,
2549 1982 2678 2025 non

612 2064 760 2130 satis
804 2077 896 2129 est
931 2086 1182 2144 causae,
1227 2086 1339 2128 cur
1382 2061 1707 2127 credamus
1745 2057 2038 2126 Plautum
2075 2085 2373 2155 umquam
2408 2064 2532 2130 ho'c
2563 2088 2682 2131 no-

612 2167 780 2232 mine
831 2164 1111 2232 fabulam
1160 2165 1449 2245 'dedisse3
1513 2187 1660 2230 nam
1697 2164 1863 2229 idem
1905 2162 2014 2231 ille
2068 2164 2428 2252 Fulgentius
2450 2218 2468 2249 ,
2528 2190 2682 2237 voce

611 2271 824 2356 steyn,
866 2273 1250 2359 Chrysalum
1280 2269 1535 2333 vocavit
1554 2318 1570 2347 ,
1637 2289 1794 2357 quae
1843 2266 2036 2353 vulgo
2086 2270 2263 2335 audit
2301 2258 2692 2353 Bacchides‚'

614 2376 912 2468 quoniam
950 2376 1017 2440 in
1072 2397 1145 2441 ea
1184 2373 1506 2438 comoedia
1555 2392 1769 2437 servus
1821 2371 2152 2461 Chrysalus
2195 2375 2428 2464 primas
2472 2389 2682 2465 partes

613 2484 759 2569 agit.
851 2480 1091 2563 Quidni
1144 2479 1332 2565 igitur
1379 2478 1659 2543 dicamus
1684 2526 1702 2555 ,
1770 2475 2161 2563 Fulgentium
2212 2478 2316 2543 hic
2355 2500 2602 2571 quoque
2644 2502 2683 2544 a

613 2589 867 2653 nomine
910 2587 1073 2652 servi
1123 2585 1356 2674 primas
1415 2584 1654 2669 agentis
1693 2585 2039 2651 Kaloistwm
2089 2584 2315 2649 dixisse
2365 2582 2682 2665 fabulam3

615 2713 760 2757 cum
797 2690 1162 2781 praesertim
1197 2689 1317 2754 hoc
1351 2689 1515 2756 servi
1547 2711 1776 2753 nomen
1809 2686 1889 2752 ab
1919 2687 2157 2774 Angelo
2190 2690 2350 2775 Majo
2372 2691 2438 2753 in
2468 2689 2683 2755 codice

615 2794 1026 2864 Ambrosiano
1064 2809 1378 2883 repertum
1417 2795 1497 2861 sit
1536 2794 1699 2859 inter
1719 2791 2083 2861 Vidulariae
2116 2791 2443 2885 reliquias3
2481 2796 2682 2885 suspi-

617 2900 716 2964 cio
752 2899 945 2985 igitur
987 2913 1079 2965 est
1098 2949 1114 2978 ,
1144 2898 1265 2963 hoc
1303 2898 1721 2984 fragmentum
1757 2920 1833 2964 ex
1868 2897 2195 2967 Vidularia
2232 2921 2361 2966 esse
2395 2900 2681 2991 desump—

616 3016 751 3068 tum
768 3053 784 3082 ‚
816 3004 994 3091 cujus
1032 3000 1283 3068 fabulae
1319 3017 1785 3089 argumentum,
1822 3018 1900 3068 ut
1931 3004 2183 3072 videtur
2201 3055 2217 3085 ,
2249 3002 2521 3072 multum
2541 3027 2682 3072 ver-

540 3143 543 3148 ·
618 3105 872 3173 sabatur
917 3108 983 3173 in
1028 3105 1211 3175 rebus
1255 3107 1624 3196 piscatoriis.
1672 3107 1750 3172 cf.
1797 3107 1871 3172 fr.
1923 3111 2019 3172 15.
