3123 5126
1681 598 1723 663 δ’

681 794 871 860 modo
935 804 1204 859 erratum
1262 792 1446 855 etiam
1503 806 1594 856 est
1655 791 1713 855 11
1770 795 1799 854 1
1877 813 1961 856 vs.
2016 794 2099 855 93
2141 790 2249 857 uhi
2302 810 2420 881 pro
2485 796 2581 860 Tu
2633 810 2747 860 me

680 898 887 966 Codex
914 897 1032 962 Gu.
1067 896 1096 959 1
1130 892 1319 960 habet
1348 900 1544 976 Tune,
1567 898 1737 962 etsie
1763 918 1978 987 saepe..
2036 897 2270 962 Deinde
2311 911 2454 961 ante
2477 896 2738 964 verbum

678 1007 949 1070 servitus
1011 1001 1284 1091 expunxi
1345 997 1505 1063 illud
1576 1004 1776 1085 maqis
1803 1050 1820 1080 ,
1868 999 2040 1092 quod
2081 1002 2462 1068 Camerarius
2519 1016 2737 1067 contra

676 1106 911 1189 libros,
960 1122 1029 1174 ut
1064 1108 1345 1186 videtur,
1392 1106 1761 1187 induxerat3
1801 1109 2044 1173 servavi
2066 1122 2270 1172 autem
2293 1124 2411 1170 noc
2448 1118 2736 1185 servatus,

676 1233 877 1302 neque
934 1234 1077 1277 cum
1131 1213 1485 1276 Hermanno
1547 1225 1609 1276 et
1669 1212 2094 1276 Lindemanno
2150 1211 2521 1277 mutaverim
2580 1227 2737 1274 lunc

677 1321 987 1397 servitus,
1047 1316 1353 1407 siquidem
1417 1314 1521 1379 hic
1580 1338 1826 1407 quoque
1887 1338 2233 1407 pronomen
2289 1315 2595 1401 significat
2656 1317 2736 1381 ob

676 1423 789 1487 hoo
839 1421 970 1486 sive
1026 1425 1202 1500 ἰάσω
1267 1443 1381 1485 nec
1424 1421 1555 1485 sine
1594 1421 1658 1483 vi
1699 1435 1759 1485 et
1804 1422 2000 1505 gratia
2037 1441 2381 1510 pronomen
2421 1416 2580 1483 illud
2618 1417 2737 1482 ite-

677 1540 865 1590 ratur.
954 1527 1231 1591 Fortasse
1270 1548 1359 1590 vs.
1405 1529 1441 1589 7
1508 1524 1590 1589 ad
1648 1524 1923 1590 eamdem
1979 1547 2262 1591 normam
2313 1521 2736 1613 disponendus

675 1644 768 1696 est
795 1682 811 1709 ‚
863 1632 925 1695 in
967 1630 1135 1695 huno
1169 1629 1463 1695 modum:

1112 1740 1204 1801 ita
1248 1738 1433 1821 quasi
1474 1738 1767 1801 incudem
1812 1756 1913 1801 me
1957 1739 2262 1801 miserum

1113 1842 1399 1906 homines
1438 1850 1570 1905 octo
1616 1841 1813 1903 va‘lidi
1855 1843 2132 1904 caedant.
2601 1864 2618 1900 ι

1504 2100 1970 2113 ww..-

755 2260 800 2326 1.
853 2267 880 2325 1
935 2286 1023 2329 νε.
1076 2268 1173 2329 25.

756 2464 862 2528 Me.
905 2464 1065 2529 Sum
1122 2474 1266 2532 ve'ro
1337 2486 1535 2532 verna
1585 2469 1862 2534 verbero]
1936 2469 2034 2531 So.
2098 2469 2383 2534 Numero
2441 2468 2601 2531 mihi
2660 2467 2722 2530 in

2276 2581 2551 2638 mente'm
2604 2575 2732 2658 fuit

669 2676 769 2738 dis
822 2676 1259 2744 ddvenientem
1317 2682 1556 2763 qratias
1603 2701 1719 2763 pro
1772 2682 2020 2744 me'rt'tis
2065 2701 2249 2764 aqere
2271 2687 2458 2761 atque
2476 2677 2729 2761 dlloqm‘.

666 2776 869 2845 Verba
918 2781 1128 2868 priora
1153 2833 1168 2861 ,
1206 2805 1351 2850 sum
1396 2806 1540 2851 vero
1581 2805 1778 2850 verna
1815 2785 2069 2849 verbero
2103 2785 2256 2849 mire
2295 2797 2606 2848 torserunt
2630 2784 2734 2846 in—

662 2898 997 2974 terpretes3
1047 2908 1256 2951 sensus
1311 2887 1478 2950 enim
1537 2900 1630 2950 est
1700 2885 2035 2952 obscurior.
2130 2889 2258 2972 Ego
2307 2886 2545 2951 dudum
2581 2909 2735 2951 con-

654 2992 927 3078 jeceram
995 2994 1306 3078 integrum
1364 3016 1614 3058 versum
1679 3015 1807 3057 esse
1865 2993 2106 3070 Sosiae;
2175 2991 2262 3055 sic
2311 2992 2476 3056 enim
2519 2991 2729 3054 omnia

663 3093 809 3161 sunt
856 3095 1050 3186 plana
1105 3112 1166 3164 et
1208 3099 1554 3187 perspicua.
1648 3099 1873 3162 Servus
1921 3095 2316 3184 semetipsum
2365 3095 2727 3184 increpanS,

662 3201 872 3263 »Sum
933 3224 1082 3266 vero
1139 3225 1332 3268 verna
1368 3200 1698 3280 verbero‚''
1739 3202 1974 3291 inquit,
2021 3222 2214 3264 »sum
2255 3221 2404 3264 vero
2464 3200 2724 3284 dignus,

662 3328 696 3368 »
724 3306 833 3396 qui
901 3304 1160 3391 flagellis
1219 3305 1543 3387 verberer,
1613 3308 1909 3399 quoniam
1955 3329 2122 3371 nune
2164 3305 2411 3369 demum
2456 3302 2612 3368 mihi
2657 3304 2723 3367 in

596 3409 609 3421 ⁸
661 3425 988 3476 »mentem
1032 3412 1246 3491 venit,
1313 3412 1443 3477 Diis
1493 3415 1722 3497 gratias
1785 3436 1961 3497 agere
2012 3433 2130 3502 pro
2186 3412 2453 3489 meritis,
2499 3408 2725 3501 quibus

660 3536 814 3579 »me
871 3514 1163 3603 sospitem
1231 3540 1264 3581 e
1317 3516 1486 3582 bello
1548 3515 1984 3580 reduxerunt.''
2094 3517 2181 3580 De
2232 3514 2405 3579 vocis
2455 3533 2721 3578 numero

659 3617 1111 3703 significatione
1175 3620 1477 3710 peculiari
1539 3619 1969 3685 dissertatione
2023 3621 2149 3705 egit
2192 3620 2440 3683 Rostius
2479 3617 2719 3682 Plauti-

656 3744 881 3788 norum
918 3723 1334 3813 Capediorum
1381 3722 1618 3789 ferculo
1662 3723 1782 3803 IX,
1807 3724 2185 3789 contendens
2229 3721 2376 3787 huic
2408 3719 2719 3787 vocabulo

657 3849 898 3918 semper
954 3829 1220 3893 ironiam
1283 3829 1616 3898 inhaerere.
1707 3832 1968 3900 Videtur
2010 3830 2174 3894 idem
2215 3829 2342 3893 fere
2375 3828 2720 3913 significare

655 3932 826 4021 quod
893 3938 1183 4018 temperi,
1252 3933 1317 3997 in
1374 3955 1497 4024 quo
1553 3934 1768 4000 eadem
1836 3935 2107 3999 cernitur
2167 3933 2402 3998 ironiae
2444 3934 2571 4012 vis3
2634 3932 2711 3996 cf.

654 4035 860 4102 Aulul.
928 4038 1031 4102 111.
1082 4043 1120 4102 3
1183 4062 1272 4103 vs.
1318 4041 1358 4101 6
1401 4052 1462 4103 et
1522 4038 1651 4104 Cas.
1713 4039 1786 4103 Π.
1835 4041 1874 4101 6
1919 4062 2009 4104 vs.
2065 4041 2165 4101 60.
2255 4039 2573 4105 Caeterum
2613 4059 2712 4102 me

655 4156 817 4209 recte
872 4143 957 4209 ita
1012 4144 1371 4229 conjecisse,
1434 4143 1552 4232 ipsi
1628 4144 1867 4210 numeri
1931 4157 2251 4211 testantur.
2344 4144 2569 4211 Versus
2614 4157 2705 4210 est
