3123 5126
1381 556 1459 616 15

363 738 541 829 quod
587 762 777 824 genus
810 739 915 805 hic
965 742 1186 807 merito
1230 742 1389 808 dixit
1425 746 1874 813 suavissimum.
1935 748 2188 816 Constat
2231 754 2434 818 autem

359 866 443 909 ex
516 842 773 909 dimetro
843 845 1071 911 cretico
1150 861 1212 927 et
1280 844 1601 913 trochaico
1672 836 2059 917 monometro
2134 854 2436 947 hyperca-

319 1018 328 1041 ὁ
362 946 628 1013 talecto:

499 1054 673 1134 Qude
707 1058 890 1134 dedi,
956 1068 1018 1124 et
1055 1062 1220 1144 quod
1262 1061 1491 1146 benef&
1541 1058 1550 1147 Ι
1620 1064 1680 1126 ci
1708 1085 1728 1123 .·
1769 1063 1840 1151 dp
1860 1065 2121 1145 posthac
2154 1066 2279 1131 cibi.

359 1172 547 1249 atque
586 1160 650 1224 in
708 1181 781 1225 eo
825 1161 1155 1227 artificium
1210 1160 1415 1227 Plauti
1486 1163 1700 1229 mirari
1744 1161 1922 1244 licet,
1968 1169 2077 1256 qui
2113 1167 2427 1236 duriorem

358 1286 396 1327 a
440 1265 685 1331 creticis
747 1265 828 1330 ad
883 1265 1231 1333 trochaicos
1296 1270 1627 1333 transitum
1683 1267 1804 1335 hoc
1848 1272 2215 1362 interposito
2248 1297 2433 1341 versu

356 1370 754 1454 mitigaverit.
844 1372 985 1436 Mox
1034 1395 1218 1438 versu
1291 1378 1371 1439 15
1434 1375 1617 1441 metri
1666 1397 1849 1441 causa
1907 1399 2025 1466 pro
2078 1400 2308 1446 amans
2345 1377 2431 1445 le-

352 1477 629 1562 gendum
666 1479 924 1545 fortasse
964 1502 1202 1547 amens.

445 1686 524 1749 11.
573 1688 612 1750 2
658 1709 747 1753 vs,
801 1691 881 1752 12

444 1789 716 1855 Leonida
776 1813 1007 1872 servus„
1056 1814 1199 1858 cum
1280 1794 1514 1883 praeda
1567 1792 1687 1859 sibi
1732 1793 1944 1859 oblata
1983 1810 2171 1875 esset,
2201 1796 2429 1880 gaudio

353 1888 710 1974 exsultans,
784 1918 1153 1961 conservum
1223 1919 1405 1962 suum
1473 1900 1716 1989 quaerit
1766 1897 2101 1980 Libanum,
2160 1916 2231 1966 ut
2287 1924 2428 1967 eum

355 1994 522 2062 laeto
560 1998 791 2063 nuncio
827 2000 1156 2090 impertiat.
1223 2003 1345 2067 Sed
1381 2026 1523 2068 eum
1560 2027 1703 2070 cum
1750 2026 1876 2070 non
1918 2008 2131 2070 statim
2156 2007 2427 2088 videret,

354 2122 570 2166 morae
604 2102 932 2192 impatiens
953 2154 968 2183 ,
1002 2106 1090 2168 ita
1131 2104 1474 2171 exclamat:

351 2205 640 2272 Aetatem
677 2210 868 2274 velim
900 2213 1142 2274 servire
1164 2259 1180 2284 ,
1220 2211 1543 2274 Libanum
1584 2221 1658 2276 ut
1698 2213 2069 2276 conveniam
2103 2212 2322 2277 modo.

352 2300 575 2376 Etiam
611 2314 690 2377 de
725 2314 894 2395 :erqo
959 2314 1262 2376 ducentas
1293 2314 1520 2398 pldqas
1560 2321 1983 2398 praeqnante‘s
2019 2314 2201 2378 dabo.

356 2414 530 2479 Ndm
556 2416 618 2478 si
663 2416 811 2480 huie
839 2418 1153 2481 occasioni
1196 2425 1443 2500 tempus
1479 2440 1619 2483 sese
1659 2420 2132 2484 subterduoeeric

359 2517 724 2603 Numquam
763 2521 985 2603 edepol
1016 2522 1339 2606 quadriqis
1369 2522 1530 2587 albis
1574 2524 1913 2605 indipiscet
1948 2524 2191 2604 postea.

362 2643 573 2686 versus
604 2625 819 2688 tertius
868 2621 1141 2689 vacillat.
1230 2624 1490 2692 Bothius
1525 2627 1807 2717 scripsit:
1852 2628 2022 2694 Nam
2068 2629 2126 2692 si
2168 2645 2238 2692 se
2280 2629 2427 2694 huie

358 2730 674 2793 occasioni
708 2738 956 2812 tempus
999 2728 1496 2797 subterduwerit:
1543 2752 1658 2816 ego
1686 2731 1912 2796 minori
1934 2732 2306 2798 mutatione:

491 2833 661 2898 Ndm
696 2835 758 2897 si
803 2835 1116 2899 occasioni
1149 2835 1297 2900 huic
1332 2845 1579 2919 tempus
1626 2845 1761 2902 sese
1799 2838 2288 2901 subterdeoeerit.

352 2935 477 3003 Sed
516 2935 774 3000 mirifica
825 2934 905 2999 ad
943 2934 1113 3000 hunc
1152 2959 1399 3002 versum
1438 2939 1659 3004 Weisii
1692 2952 1783 3003 est
1822 2937 2179 3002 adnotatio:
2225 2951 2424 3005 »tem-

344 3062 538 3126 s»pws
573 3041 913 3119 incertum,
956 3062 1034 3104 an
1084 3040 1165 3105 sit
1214 3063 1360 3129 pars
1397 3043 1650 3130 capitis,
1697 3065 1775 3107 an
1819 3041 2216 3106 abstractum.
2309 3044 2419 3109 Sin

353 3173 389 3214 »
419 3147 644 3237 capitis
688 3168 834 3236 pars
856 3195 871 3224 ,
919 3168 997 3210 an
1046 3147 1385 3212 occasionis
1427 3169 1505 3210 an
1532 3146 1810 3211 Libani.''
1898 3149 2039 3238 Ipse
2066 3151 2260 3236 ejecto
2286 3169 2424 3214 sese

351 3253 565 3320 locum
612 3254 700 3317 ita
757 3251 1064 3343 explicat:
1112 3274 1316 3316 »nam
1379 3252 1429 3316 si
1490 3251 1760 3318 Libanus
1801 3275 2002 3334 nunc,
2049 3275 2243 3343 quum
2283 3252 2419 3342 ipsa

355 3359 661 3424 »occasio
725 3380 866 3422 eum
937 3355 1180 3445 quaerit
1227 3369 1287 3420 et
1316 3354 1511 3444 caput
1553 3356 1730 3444 quasi
1776 3360 1905 3441 ejus
1956 3355 2423 3446 apprehendere

357 3486 392 3527 ›>
416 3476 713 3541 conatur3
762 3476 1004 3548 tempus
1049 3480 1228 3525 suum
1266 3459 1325 3522 'ei
1364 3456 1880 3524 subterduxerit.''
1968 3461 2057 3524 Ex
2114 3462 2245 3547 ejus
2308 3460 2422 3545 igi-

355 3577 460 3636 tui-
492 3569 794 3635 sententia
862 3580 1108 3652 tempus
1140 3565 1208 3630 h.
1240 3563 1301 3631 l.*
1327 3579 1419 3632 est
1458 3567 1837 3632 Graecorum
1926 3568 2251 3651 κρότοιφος.
2340 3566 2422 3629 At

355 3676 496 3764 quis
535 3696 834 3764 umquam
876 3678 963 3738 ita
1011 3671 1253 3737 locutus
1303 3685 1422 3740 est!
1472 3673 1649 3762 quasi
1684 3693 1834 3736 vero
1874 3670 1984 3759 qui
2030 3669 2417 3735 occasionem

355 3776 744 3867 prehendere
778 3792 1055 3857 conatur,
1081 3792 1323 3867 tempus
1366 3779 1495 3864 ejus
1517 3779 1807 3867 arripiat,
1855 3795 1980 3837 non
2001 3774 2287 3854 frontem,
2307 3773 2420 3840 ubi

357 3879 657 3970 capillata
666 3895 773 3946 est.
790 3881 913 3946 Sed
929 3881 993 3945 in
1014 3880 1342 3945 refutando
1360 3878 1471 3945 illo
1485 3894 1835 3947 commento
1853 3900 2106 3968 operam
2130 3900 2258 3943 non
2279 3902 2421 3969 per-

343 3984 525 4065 ·da'm,
547 4007 689 4049 cum
723 4007 850 4050 non
874 4006 1089 4050 verear
1111 4007 1189 4050 ne
1227 3989 1516 4074 cuiquam
1537 3984 1618 4050 sit
1634 3982 2031 4073 placiturum.
2067 3981 2149 4046 At
2165 3979 2271 4047 ille
2287 4003 2417 4046 non

363 4089 704 4176 assequitur
728 4138 746 4168 ‚
803 4088 961 4177 quid
1009 4085 1126 4155 sibi
1175 4086 1357 4155 velit:
1413 4100 1661 4174 tempus
1706 4110 1776 4156 se
1826 4087 2212 4154 subteranos:
2251 4106 2415 4155 occa-
