3123 5126
1381 561 1461 623 59

382 736 639 806 1V‚2vs.
656 740 755 803 31:
774 735 1322 824 Corrigetdporam
1336 740 1600 804 reddam
1624 752 1914 805 accentus
1937 753 1998 806 et
2014 737 2223 804 hiatus
2244 760 2450 806 causa.

382 1049 455 1116 V.
490 1050 529 1111 2
552 1069 641 1113 vs.
668 1051 784 1113 95:
826 1050 987 1115 Inde
1027 1070 1175 1115 sum
1217 1053 1554 1118 oriundus:
1599 1088 1679 1099 --
1727 1052 1816 1117 Di
1855 1054 2007 1118 dent
2066 1051 2181 1117 tibi
2234 1069 2455 1116 omnes

1168 1218 1171 1223 .
1276 1210 1279 1215 .
2076 1175 2240 1240 quae
2279 1157 2452 1221 velis.

380 1252 673 1320 Senarius
719 1251 1002 1320 vacillat.
1098 1257 1454 1342 Legendum
1501 1259 1793 1325 fortasse:

384 1360 567 1426 Unde
600 1363 743 1424 siam
779 1362 1105 1427 oriundus.
1151 1398 1242 1413 --
1282 1364 1372 1431 Da·
1412 1367 1629 1431 &mnia
1672 1365 1785 1430 eibi
1821 1367 2001 1441 dent,
2038 1367 2200 1449 qnae
2237 1364 2411 1429 velis,

380 1464 502 1529 Pro
549 1484 771 1530 omnes
809 1464 1030 1554 scripsi
1066 1470 1310 1544 omnim
1356 1491 1503 1533 nam
1545 1491 1658 1533 cur
1694 1489 1906 1532 omnes
1950 1466 2061 1532 Dei
2099 1466 2457 1556 conspirare

383 1569 645 1651 debent,
693 1584 765 1636 ut
800 1571 912 1636 uni
952 1569 1194 1637 homini
1240 1588 1454 1664 optata
1509 1574 1879 1657 contingant
1896 1574 1944 1634 '2-
2014 1568 2188 1635 Certe
2238 1573 2457 1636 omnia

377 1676 484 1743 hic
535 1680 833 1763 majorem
875 1674 1067 1742 habet
1104 1679 1237 1744 vim
1281 1680 1352 1745 et'
1389 1676 1759 1759 efficaciam,
1792 1697 1981 1768 quam
2020 1695 2242 1742 omnes
2261 1703 2285 1752 ;
2307 1697 2457 1739 nam

380 1785 496 1869 qui
537 1781 688 1847 dent
730 1803 957 1871 parum
1001 1781 1228 1862 refert,
1267 1782 1457 1847 modo
1492 1782 1691 1847 detur.
1764 1783 1932 1863 Quid
1969 1801 2120 1844 vero
2164 1793 2225 1844 et
2258 1800 2459 1866 quan-

350 1896 521 1951 ,twm
565 1884 716 1949 dent
759 1884 948 1949 refert
985 1886 1266 1952 maxime.
1314 1886 1440 1950 Nec
1479 1882 1733 1950 insolita
1777 1885 1965 1949 etiam
2000 1882 2154 1949 haec
2194 1897 2286 1949 est
2323 1883 2459 1948 for-

381 1986 584 2054 mula:
630 1993 849 2055 omm'a
901 2009 1064 2074 quae
1113 1993 1224 2056 vis,
1317 1990 1399 2054 Ut
1426 1988 1598 2080 apud
1622 1989 1832 2053 Horat.
1880 1989 2011 2053 Sat.
2062 1987 2107 2052 1.
2158 1990 2198 2052 9
2244 2009 2334 2053 VS.
2384 1992 2455 2051 5:

389 2096 568 2175 cupio
633 2096 884 2171 omnia,
952 2095 1297 2176 quaevis.
1337 2091 1421 2159 cf.
1487 2112 1739 2181 quoque
1801 2091 1924 2157 Sat.
1971 2092 2053 2162 IL
2106 2093 2147 2155 8
2192 2113 2282 2156 vs.
2335 2093 2417 2156 75
2441 2114 2456 2170 ;

384 2193 594 2287 ibique
638 2196 969 2264 Bentleius.
