3123 5126
1551 545 1674 606 102

1565 737 1666 800 111.

662 916 817 983 Male
885 920 1273 983 Hermannus
1331 915 1559 1006 OpusC.
1625 914 1699 979 11.
1767 935 1904 1003 pag.
1977 913 2136 987 181,
2178 905 2391 992 Pegasi
2470 901 2652 968 sabu-

578 1039 705 1105 lam
755 1037 1167 1131 etymologiae
1221 1058 1342 1126 ope
1378 1031 1699 1124 explicans
1724 1080 1740 1110 ‚
1803 1027 2243 1095 Germanicum
2279 1025 2460 1090 navis
2533 1045 2649 1088 no—

574 1184 713 1227 men
749 1161 961 1246 Sohiff
987 1161 1191 1250 ipsum
1234 1178 1361 1223 esse
1412 1152 1679 1220 affirmat
1721 1153 2026 1218 Graecum
2074 1152 2289 1223 ἵππος.

1569 1320 1671 1386 lv.

670 1492 857 1583 Apud
896 1489 1102 1557 Plaut.
1153 1490 1338 1581 Epid.
1384 1490 1487 1554 111.
1536 1492 1575 1552 4
1622 1512 1718 1554 vs.
1772 1491 1854 1552 24
1900 1510 2033 1578 sqq.
2082 1481 2273 1569 vulgo
2313 1478 2580 1568 legitur:

1371 1611 1469 1675 M1.
1528 1611 1673 1677 Volo
1699 1620 1780 1687 te
1822 1610 2029 1675 verbis
2067 1608 2388 1693 pauculis,

667 1737 747 1802 Se
784 1736 897 1802 tibi
938 1738 1274 1801 molestum
1319 1752 1451 1799 non
1497 1743 1613 1799 est.
1662 1731 1764 1796 Ρη.
1811 1734 1958 1800 Non
2003 1733 2221 1815 edepol
2263 1731 2412 1795 scio.

668 1858 1011 1921 Molestum
1054 1875 1186 1921 non
1232 1866 1352 1933 est,
1398 1858 1532 1921 nisi
1574 1858 1732 1921 dicis
1775 1859 1928 1941 quid
1968 1859 2147 1922 velis.
2514 1940 2518 1949 ⁸

667 1977 772 2041 M1.
822 1978 991 2042 Mihi
1029 1979 1210 2042 alam
1255 1984 1329 2040 ut
1373 1978 1725 2041 tramittas:
1773 1986 2108 2061 amentum
2153 1979 2454 2062 accipias,

582 2099 691 2189 qni
735 2096 910 2163 locus
955 2099 1044 2162 ita
1087 2096 1493 2182 corrigendus
1538 2110 1663 2163 est:

1758 2224 1904 2290 Non
1949 2223 2166 2307 edepol
2207 2192 2360 2300 scio,

669 2349 1005 2412 molestum
1049 2364 1136 2407 an
1181 2362 1313 2408 non
1359 2351 1482 2420 est,
1534 2345 1667 2407 nisi
1708 2344 1769 2407 si
1808 2342 1965 2407 diois
2010 2344 2162 2426 qaid
2201 2342 2374 2406 velis.

610 2480 616 2487 ·
668 2465 772 2529 M1.
843 2467 943 2530 Mi
981 2467 1166 2530 illam
1210 2474 1285 2531 at
1329 2467 1645 2530 tramittas
1665 2514 1681 2541 ‚
1732 2473 2068 2548 amentum
2112 2466 2387 2547 accipias
2429 2465 2583 2530 volo.

1576 2642 1647 2706 V.

666 2793 840 2876 Quae
884 2791 1178 2879 leguntur
1226 2792 1292 2856 in
1336 2789 1540 2856 Plauti
1599 2788 1876 2857 Poenulo
1914 2805 2060 2881 post
2111 2791 2245 2855 Act.
2301 2791 2372 2858 V.
2421 2792 2518 2855 Sc.
2563 2794 2605 2855 6
2632 2840 2649 2870 ‚

494 2992 504 3009 ι
581 2916 812 3007 partim
872 2927 1162 2980 constant
1230 2913 1521 2993 senariis,
1586 2913 1818 3004 partim
1884 2909 2218 2977 trochaicis
2277 2912 2651 2976 tetrametris

580 3031 996 3112 catalecticis3
1059 3054 1259 3121 neque
1295 3055 1514 3098 verum
1558 3046 1685 3112 est,
1737 3030 1908 3121 quod
1958 3030 2283 3095 contendit
2335 3029 2648 3095 Weisius:

584 3178 617 3218 »
642 3151 805 3218 nihil
852 3154 976 3220 fere
1018 3155 1083 3218 in
1121 3154 1196 3218 iis
1229 3155 1457 3232 inesse,
1498 3153 1733 3244 inquo
1772 3174 1902 3217 non
1946 3167 2167 3218 contra
2204 3151 2478 3219 melioris
2501 3152 2654 3217 artis

584 3296 617 3336 »
641 3270 805 3358 leges
857 3286 1185 3364 peccatum
1223 3270 1713 3362 deprehendas.'’
1781 3274 1914 3337 Imo
1952 3275 2196 3340 numeri
2217 3313 2222 3316 -
2247 3288 2395 3340 sunt
2427 3272 2652 3339 Plauto

584 3390 947 3477 dignissimi.

1571 3484 1672 3551 VI.-

626 3690 631 3695 .
672 3633 748 3697 In
786 3631 1001 3699 Plaut.‚
1027 3634 1158 3700 Cas.
1205 3634 1280 3699 H.
1316 3638 1358 3699 6
1391 3651 1481 3701 vs.
1527 3640 1630 3700 9;’
2225 3670 2233 3679 ·

676 3755 820 3821 Tibi
831 3757 1087 3840 quidem
1102 3756 1321 3840 edepol
1338 3760 1431 3823 ita
1451 3761 1719 3824 videtur:
1737 3759 2036 3824 stimulus
2052 3773 2160 3840 eqo
2177 3776 2350 3821 nuato
2358 3745 2652 3835 samum,

622 3903 629 3909 ·
671 3874 948 3955 Eamne,
992 3892 1672 3943 concumuxassumssn·
1689 3881 1839 3966 jam
1858 3899 1941 3944 etv
1963 3887 2279 3944 metu.-—
2313 3878 2643 3961 Mastiqia.

584 3993 1022 4079 corrigendum
1042 4009 1188 4063 -estz
1234 3998 1457 4065 Fodioo
1502 4002 1824 4064 corowlwm
1842 4047 1858 4076 ‚
1897 4002 2279 4069 assattascit.
