3123 5126
1696 614 1780 677 22

697 821 801 866 ma
867 799 1267 868 distinctione
1307 804 1469 870 inter
1535 826 1601 871 se
1646 819 1793 879 sunt
1853 821 2172 899 separatae
2194 856 2211 886 ‚
2268 826 2549 898 quaeque
2615 807 2766 879 adeo

698 906 962 974 duarum
997 924 1142 975 sunt
1171 930 1579 1000 personarum
1603 962 1620 992 ‚
1652 909 2040 994 coalescant3
2075 936 2201 979 non
2237 914 2370 981 sine
2408 937 2595 982 causa
2613 915 2766 982 mihi

694 1013 916 1080 videor
963 1016 1338 1083 contendere
1362 1067 1378 1097 ,
1439 1015 1765 1104 vulgarem
1806 1018 2014 1117 Plauti
2075 1035 2353 1111 tempore
2403 1023 2767 1112 pronuntia-

691 1119 927 1183 tionem
979 1121 1247 1186 maxime
1308 1120 1703 1189 abhorruisse
1777 1122 2021 1197 hiatum
2043 1177 2076 1207 ,ἢ
2113 1140 2176 1192 et
2229 1127 2539 1193 neminem
2596 1150 2646 1193 e.
2709 1152 2767 1214 g.

692 1222 918 1290 dixisse
957 1231 1249 1293 animum
1288 1232 1543 1295 adverto
1567 1278 1584 1308 ,
1629 1228 1737 1295 sed
1756 1220 2192 1299 animadverto
2211 1282 2228 1312 ,
2285 1254 2414 1296 non
2441 1237 2772 1320 leyendam

691 1342 789 1396 est
843 1331 953 1396 sed
992 1335 1405 1418 loqendum'st
1425 1361 1450 1411 ,·
1496 1356 1643 1400 cum
1680 1336 2046 1425 praesertim
2085 1336 2256 1426 apud
2318 1358 2534 1403 omnes
2564 1360 2771 1430 popu-

694 1434 791 1501 los
842 1434 1007 1501 nihil
1065 1438 1262 1523 magis
1317 1444 1647 1529 proprium
1688 1440 1769 1506 sit
1805 1440 2159 1530 quotidiani
2204 1443 2507 1509 sermonis
2554 1441 2769 1510 celeri-

697 1541 849 1623 tati,
887 1564 1075 1633 quam
1111 1539 1450 1634 liquescere
1501 1558 1565 1609 et
1600 1542 2264 1635 coalescerexsyllabas.
2356 1547 2520 1612 Haec
2581 1546 2770 1641 igitur

696 1668 835 1730 mea
865 1660 957 1712 est
989 1648 1240 1738 opinio:
1327 1645 1588 1715 Plautus
1641 1648 1819 1735 vulgi
1862 1673 2125 1741 sequens
2155 1652 2763 1740 pronuntiationem,

695 1750 1147 1844 synaloepham
1181 1776 1525 1845 numquam
1569 1753 1842 1840 neglexit
1869 1756 1989 1822 nisi
2025 1755 2424 1846 imprudens;
2469 1758 2507 1823 i.
2546 1779 2595 1822 e.
2635 1779 2768 1821 non

693 1858 817 1923 nisi
890 1858 965 1924 iis
1022 1858 1086 1922 in
1132 1856 1327 1939 locis,
1396 1860 1460 1924 in
1519 1858 1748 1947 quibus
1792 1858 2002 1928 hiatus
2051 1859 2267 1928 fallere
2310 1875 2560 1950 poterat
2591 1883 2774 1929 aures

696 1962 909 2035 minus
977 1985 1218 2033 severas
1264 1963 1593 2055 minusque
1658 1962 1956 2032 delicatas
2016 1979 2077 2030 et
2139 1965 2534 2048 fastidiosas3
2593 1968 2768 2059 quod

691 2068 986 2137 usuvenit
1032 2069 1335 2149 maxime,
1375 2068 1485 2137 uhi
1508 2092 1707 2161 pausa
1721 2069 1793 2135 fit
1815 2070 1879 2134 in
1909 2071 2413 2159 pronuntiando,
2451 2069 2557 2138 vel
2576 2094 2771 2163 prop-

689 2186 784 2244 ter
817 2190 1095 2252 sensum,
1123 2171 1212 2262 (in
1252 2173 1783 2265 interpunctione)
1810 2171 1911 2240 vel
1943 2190 2204 2264 propter
2247 2199 2515 2256 versum,
2556 2178 2750 2266 (maxi

616 2267 622 2273 ’
690 2301 793 2347 me
846 2280 912 2345 in
964 2301 1217 2347 caesura
1271 2276 1724 2345 nonnullorum
1775 2278 2090 2367 versuum)
2140 2277 2245 2346 vel
2287 2280 2475 2345 etiam
2518 2295 2770 2370 propte·

689 2406 792 2449 rea
820 2433 836 2463 ,
880 2384 1054 2475 quod
1111 2382 1425 2475 loquentis
1469 2405 1736 2473 persona
1779 2397 2059 2448 mutatur
2100 2383 2201 2472 (cf.
2237 2384 2413 2452 Curc.
2447 2385 2476 2451 Ι
2509 2408 2616 2459 νει
2637 2384 2762 2475 88).

693 2491 832 2554 Jam
890 2488 1006 2556 has
1065 2489 1477 2557 excusationis
1528 2509 1744 2553 causas
1798 2509 2011 2553 omnes
2065 2489 2300 2577 pariter
2356 2487 2627 2554 editores
2663 2488 2765 2553 ad-

695 2597 1028 2675 miserunt3
1094 2608 1239 2660 sunt
1276 2616 1425 2658 vero
1480 2593 1591 2683 qui
1629 2592 2013 2657 contendant
2061 2590 2208 2682 plus
2264 2592 2384 2659 sibi
2421 2594 2771 2683 permisisse

696 2694 1024 2776 Plautum,
1082 2697 1444 2763 durissimos
1489 2718 1772 2787 quosque
1815 2695 2027 2764 hiatus
2076 2719 2276 2787 aequo
2328 2699 2538 2763 animo
2575 2699 2774 2764 seren-

697 2817 788 2870 tes
817 2827 832 2883 3
868 2801 1111 2868 inducti
1146 2803 1402 2868 fortasse
1455 2798 1597 2866 loco
1636 2801 1913 2866 Horatii:
1971 2803 2054 2868 At
2085 2807 2290 2869 nostri
2325 2807 2553 2888 proavi
2577 2806 2775 2870 Plau-

689 2916 856 2978 tinos
915 2920 980 2976 et
1013 2929 1316 2978 nurneros
1353 2919 1414 2973 et
1454 2909 1825 2973 Laudavore
1875 2909 2042 2972 soles
2067 2933 2091 2981 ;
2146 2912 2424 2974 nimium
2452 2915 2772 2996 patienter

690 3026 1064 3101 utrumque,
1111 3017 1209 3082 Νθ
1241 3017 1446 3080 dicam
1486 3017 1677 3080 stulte
1728 3016 1949 3078 mirati
1965 3039 1990 3089 ;
2037 3011 2203 3078 unde
2239 3027 2445 3078 tamen
2484 3026 2768 3104 apparet,

691 3121 883 3188 fuisse
928 3120 1150 3199 etiam,
1223 3120 1334 3209 qui
1386 3117 1711 3183 Plautinos
1771 3139 2062 3183 numeros
2100 3116 2431 3184 laudarent
2469 3135 2531 3185 et
2582 3122 2770 3185 mira-

688 3240 944 3305 rentur3
988 3246 1257 3314 quorum
1298 3244 1411 3308 ego
1439 3223 1754 3310 judicium
1776 3221 2001 3290 lubens
2043 3246 2178 3289 meo
2199 3222 2451 3291 calculo
2466 3246 2767 3314 compro-

692 3331 991 3398 baverim.
1085 3330 1312 3397 Vereor
1370 3329 1575 3408 enim,
1658 3351 1737 3396 ne
1771 3330 2094 3394 -Horatius
2159 3331 2389 3414 magis,
2428 3352 2616 3419 quam
2649 3352 2769 3419 par

690 3448 854 3513 erat,
908 3433 990 3498 ad
1032 3432 1412 3501 Graecorum
1467 3454 1753 3497 normam
1810 3434 2078 3516 exegerit
2144 3456 2380 3521 versus!
2426 3433 2767 3522 Plautinos.

687 3539 841 3604 Tam
873 3558 1231 3602 numerosos
1277 3536 1444 3601 enim
1485 3535 1719 3626 ubique
1757 3537 1918 3617 fere,
1957 3553 2207 3628 tamque
2248 3537 2557 3625 elegantes
2595 3540 2769 3629 apud

692 3645 1001 3711 comicum
1056 3656 1338 3709 nostrum
1394 3656 1540 3708 sunt
1583 3665 1831 3722 versus,
1906 3657 1977 3710 ut
2013 3665 2140 3708 nou
2192 3645 2419 3710 cedant
2454 3646 2772 3710 Terentia-

688 3751 827 3829 nis,
870 3751 1002 3816 imo
1064 3747 1211 3815 illos
1272 3750 1627 3840 saepissime
1671 3763 1965 3838 superent
2003 3746 2302 3815 facilitate
2341 3764 2403 3815 et
2436 3751 2765 3815 suavitate.

688 3857 818 3940 Ego
850 3856 1041 3940 igitur
1080 3856 1144 3920 in
1197 3879 1268 3920 ea
1323 3880 1459 3921 sum
1513 3867 1859 3932 sententm,
1919 3869 1990 3918 ut
2043 3875 2256 3917 omnes
2310 3849 2451 3918 illos
2520 3851 2765 3932 hiatuS,

688 3959 920 4052 quibus
968 3959 1143 4026 nulla
1185 3963 1519 4047 excogitari
1575 3975 1781 4051 potest
1840 3962 2197 4038 excusatiO,
2263 3958 2405 4021 vitii
2451 3971 2768 4048 suspectos

681 4067 984 4146 habeam3
1031 4068 1203 4157 quod
1260 4090 1386 4157 quo
1433 4069 1628 4151 magis
1690 4080 2007 4155 appareat,
2060 4088 2135 4130 ex
2193 4060 2390 4127 tribus
2445 4060 2767 4151 prioribus

684 4172 1022 4258 comoediis
1093 4170 1230 4235 loca
1301 4169 1605 4236 nonnulla
1677 4169 1928 4234 afferam
2005 4194 2076 4234 eo
2152 4170 2309 4233 vitio
2374 4166 2768 4248 laborantia,

686 4302 847 4368 quae
884 4279 1198 4360 nondum,
1232 4279 1400 4369 quod
1443 4279 1671 4358 sciam,
1702 4294 1842 4346 sunt
1902 4276 2262 4343 emendata:
