3123 5126
1715 580 1809 642 '66

685 767 1029 857 sus'faeris
1053 820 1069 848 ‚
1130 782 1316 839 noctu
1366 770 1438 839 at
1479 777 1782 858 condique
1827 774 1884 838 ta
1924 775 2142 851 culter,
2188 772 2526 840 curabitur.
2607 775 2760 838 ‘Iam

686 872 1021 953 sententia,
1056 874 1272 954 credo,
1304 877 1636 966 perspicua
1675 887 1800 955 est‘,
1838 896 2038 966 neque
2089 890 2380 957 est,*cur
2434 877 2765 957 miremur?

685 977 973 1043 librarios
1028 976 1468 1044 adverbiorum
1516 982 1669 1045 serie
1709 977 2113 1047 conturbatos
2156 996 2217 1047 et
2254 982 2578 1072 deceptos,
2620 986 2758 1051 ver-

686 1103 822 1147 sum
866 1083 930 1145 in
977 1080 1130 1145 duas
1180 1088 1514 1149 sententias
1564 1084 1932 1150 distinxisse.

686 1391 729 1453 1.
780 1394 820 1453 3
867 1411 957 1454 vs,
1010 1391 1126 1453 12:

774 1495 900 1560 Sed
941 1498 1211 1559 matre-m
1247 1515 1478 1577 parere
1521 1504 1760 1580 nequeo
1784 1521 1803 1559 :
1853 1500 2064 1561 nescio
2109 1500 2431 1580 quamodo.

687 1601 803 1665 Hic
854 1597 1030 1664 locus
1087 1613 1451 1683 argumento
1505 1613 1630 1679 est,
1695 1623 1885 1690 quam
1934 1598 2114 1664 foede
2151 1598 2408 1667 Plautus
2456 1601 2687 1690 passim
2722 1624 2756 1665 a

688 1702 959 1770 librariis
1020 1717 1308 1791 acceptus
1365 1706 1472 1785 sit,
1529 1728 1843 1796 quamque
1903 1727 2129 1794 parum
2180 1703 2363 1769 nobis
2403 1718 2643 1771 constet
2682 1703 2759 1769 de

603 1868 614 1877 ,
687 1806 1077 1893 singulorum
1110 1805 1393 1872 locorum
1428 1810 1781 1893 integritate
1816 1810 1947 1875 sine
1980 1807 2342 1875 melioribus
2365 1812 2526 1878 Ms5.‘
2559 1810 2760 1891 Quem

687 1906 855 2000 enim
908 1912 968 1978 h.
1017 1910 1058 1977 l.
1115 1912 1322 1976 mendi
1378 1908 1482 1975 vel
1536 1909 1851 1976 levissima
1893 1925 2173 1995 tangeret
2206 1915 2526 2003 suspicio?
2604 1914 2760 1995 Quis

686 2020 754 2083 in
795 2040 977 2086 sensu
1010 2016 1204 2107 plano
1243 2030 1303 2081 et
1333 2019 1606 2082 numeris
1646 2019 1899 2106 optimis
1941 2041 2067 2082 non
2094 2016 2382 2083 lubenter
2405 2019 2763 2108 acquiesce-

687 2138 782 2189 ret
805 2124 836 2187 ?
933 2124 1369 2190 Verumtamen
1428 2121 1532 2186 hic
1591 2145 1840 2214 quoque
1912 2136 2216 2208 grassatos
2288 2145 2417 2188 esse
2470 2122 2760 2188 librarios

686 2222 962 2292 declarat
1024 2226 1171 2292 Cod.
1222 2226 1712 2308 'Ambrosianu5‚
1766 2229 1832 2292 in
1894 2251 2048 2319 quo,
2098 2234 2252 2293 teste
2286 2224 2526 2312 Angelo
2563 2228 2760 2314 Majo,

686 2329 792 2394 hic
838 2352 1053 2397 versus
1098 2331 1186 2395 ita
1231 2329 1486 2416 legitur:

773 2436 900 2502 Sed
942 2439 1213 2501 ma'trem
1250 2456 1481 2518 parere
1524 2439 1732 2502 nascio
1756 2461 1776 2500 .·
1823 2442 1939 2501 aec
1982 2439 2134 2519 qaid
2176 2435 2363 2519 aqam
2405 2435 2555 2498 scio.

687 2544 862 2629 eujus
883 2542 1126 2608 Codicis
1150 2563 1527 2632 quamquam
1560 2563 1800 2607 summa
1827 2554 1919 2606 est
1952 2541 2287 2606 auctoritas
2305 2591 2321 2620 ,
2345 2560 2527 2605 nemo
2551 2551 2758 2604 tamen

685 2645 940 2730 negabit
974 2643 1136 2710 illud
1172 2650 1382 2711 nescio
1414 2644 1475 2709 h.
1519 2642 1558 2708 1.
1594 2649 1995 2709 invenustum
2021 2666 2150 2709 esse
2171 2658 2233 2709 et
2260 2641 2756 2722 incommodum3

688 2747 1041 2815 verosimile
1084 2750 1274 2833 igitur
1314 2763 1405 2814 est
1448 2745 1740 2812 Plautum
1773 2748 2120 2839 scripsisse:

773 2857 898 2921 Sed
942 2857 1210 2921 matrem
1251 2877 1479 2939 parere
1521 2862 1760 2939 ndqaeo
1775 2905 1792 2933 ,
1836 2874 1951 2920 aec
1991 2841 2142 2939 qaid
2183 2854 2370 2940 aqam
2412 2856 2555 2920 scio.

686 2961 861 3041 Quae
909 2958 1096 3024 lectio
1150 2982 1294 3024 cum
1331 2957 1667 3024 verborum
1712 2958 2194 3046 transpositione
2231 2973 2528 3049 corrupta
2564 2970 2753 3037 esset,

683 3063 1140 3154 legereturque:
1185 3084 1454 3150 aequem,
1483 3083 1599 3128 aec
1622 3066 1748 3128 scio
1778 3065 1929 3148 qaid
1961 3083 2167 3146 aqam,
2194 3075 2524 3153 utramque
2541 3058 2755 3126 lectio-

682 3168 829 3234 'nem
865 3170 1176 3260 peperisse
1214 3167 1416 3232 videri
1451 3180 1694 3255 potest,
1756 3163 2012 3230 alteram
2067 3187 2308 3246 errore,
2372 3165 2629 3233 alteram
2675 3187 2754 3232 ex

687 3272 894 3338 studio
940 3271 1290 3356 corrigendi
1337 3292 1603 3335 versum.
2651 3279 2658 3285 ·

685 3581 760 3645 ΙΙ.
815 3584 842 3643 l
897 3602 986 3645 vs,
1036 3581 1149 3643 38:

683 3690 894 3754 Nimis
926 3690 1078 3753 haec
1109 3708 1212 3751 res
1249 3690 1388 3752 siae
1417 3690 1567 3753 cara
1599 3690 1851 3771 aeritur.
1871 3686 2016 3751 vide
2037 3687 2471 3770 quamdudum
2493 3684 2595 3749 hio
2615 3683 2752 3750 dsto,

2450 3798 2513 3854 et
2527 3791 2750 3871 pdbto!

678 3899 960 3965 Samnoa
995 3916 1253 3979 operam
1288 3897 1453 3961 datis
1472 3908 1499 3962 ?
1536 3900 1830 3982 emperiar
1848 3945 1865 3976 ‚
1896 3898 2067 3982 fares
2100 3918 2188 3961 an
2225 3897 2418 3962 cubiti
2451 3918 2537 3961 aa
2558 3899 2754 3979 pedes

2298 4004 2449 4084 plus
2477 4003 2749 4067 va'leaat.

679 4102 955 4169 Primum
1011 4104 1447 4191 corrigendum
1511 4111 1698 4177 credo
1758 4131 1834 4177 ao
1871 4114 2102 4193 pedatu
2164 4107 2387 4176 deinde
2440 4107 2610 4197 quod
2667 4105 2748 4171 ad
