3123 5126
1294 1067 2063 1168 PHORMIO.

650 1448 686 1516 l.
739 1459 778 1519 3
825 1476 919 1519 vs,
974 1458 1059 1520 20
1104 1479 1234 1547 sqq.

644 1562 726 1626 At
760 1566 831 1627 tic
884 1564 1043 1628 mihi
1073 1572 1290 1628 contra
1343 1570 1515 1629 nunc
1560 1570 1771 1632 videre
1805 1568 2172 1652 fdrlunatus
2197 1613 2214 1644 ,
2265 1567 2587 1634 Phaedria
2608 1617 2627 1646 ‚

644 1669 749 1731 cui
789 1668 867 1730 de
903 1668 1145 1751 inteqro
1187 1678 1284 1733 esc
1315 1677 1594 1751 potestas
1621 1673 1812 1736 etiam
1831 1719 1846 1748 ,
1892 1673 2262 1736 censalendi
2281 1720 2296 1749 ‚
2342 1673 2498 1755 quid
2510 1676 2669 1738 velis
2693 1700 2716 1747 ,·

642 1773 909 1836 rotinere
933 1820 951 1849 ‚
1001 1792 1248 1849 amare,
1279 1775 1596 1837 annuere:
1624 1794 1731 1856 eqo
1752 1777 1822 1837 in
1849 1794 1996 1838 eum
2017 1776 2216 1839 incidi
2233 1776 2463 1860 infelix
2479 1779 2720 1859 locum,-

641 1887 715 1941 ιιι
748 1882 950 1961 neque
984 1879 1076 1941 mi
1107 1878 1249 1960 ejus
1298 1878 1382 1939 sit
1418 1876 1753 1941 amittendi
1785 1924 1802 1954 ‚
1853 1884 1965 1941 ne'c
2005 1880 2322 1944 retinendi
2356 1881 2620 1963 cepiam.

638 1982 962 2067 Ingeniosa
1022 1980 1336 2068 Bentlejus
1365 2031 1381 2061 ‚
1449 1996 1511 2047 et
1549 2005 1726 2062 vere,
1772 1985 1838 2047 ni
1879 1981 2097 2062 fallor,
2146 1983 2210 2046 in
2243 2005 2428 2047 versu
2475 1986 2557 2047 23
2591 2006 2721 2073 pro

639 2094 927 2155 amittere
979 2088 1230 2177 scripsit
1285 2108 1370 2152 an
1418 2092 1666 2154 mittere
1698 2111 1843 2153 nam
1881 2102 2086 2178 »post
2127 2093 2528 2169 consulendi,
2566 2110 2717 2156 con-

637 2216 669 2256 »
695 2196 1023 2270 saltandi,
1095 2192 1533 2271 deliberandi,
1610 2193 1783 2282 sequi
1847 2191 2030 2258 debet
2082 2194 2309 2258 Utrum
2335 2243 2351 2271 ‚
2405 2196 2535 2272 An,
2580 2196 2712 2273 Ne,

636 2311 763 2361 »ut
814 2299 962 2362 HeC.
1032 2297 1136 2359 111.
1190 2301 1226 2359 5
1274 2319 1362 2360 vs.
1438 2300 1519 2360 59
1566 2311 1627 2361 et
1686 2294 1861 2362 Adel.
1930 2297 2004 2361 ΙΙ.
2061 2301 2090 2360 1
2153 2319 2242 2361 vs,
2301 2297 2442 2361 41.''
2529 2297 2710 2362 Dices

632 2402 890 2467 fortasse
940 2423 1027 2467 an
1081 2399 1181 2464 hic
1228 2397 1436 2463 locum
1490 2421 1799 2489 occupare
1844 2399 2346 2478 incommodum3
2407 2423 2556 2466 nam
2590 2423 2708 2491 op-

630 2510 785 2597 poni
830 2508 918 2572 sic
960 2505 1085 2571 duo
1127 2502 1236 2569 illa
1289 2510 1564 2573 retinere
1633 2526 1852 2572 amare
1898 2506 2006 2570 uni
2033 2510 2319 2584 mittere;
2363 2507 2711 2574 necessario

632 2613 822 2696 igitur
863 2612 1093 2702 requiri
1131 2608 1424 2700 copulam
1471 2622 1546 2677 et.
1638 2613 1828 2676 Recte
1866 2608 2025 2690 hoc;
2071 2626 2130 2675 et
2180 2624 2384 2676 tamen
2427 2635 2574 2677 vera
2614 2626 2709 2679 est

628 2712 892 2800 Bentleji
941 2719 1330 2800 conjectura,
1398 2713 1588 2777 modo
1649 2715 1983 2799 adjuvetur
2065 2710 2258 2778 altera
2326 2715 2704 2800 conjectura.

626 2824 831 2905 Rogat
870 2818 1184 2906 Bentlejus
1246 2819 1341 2903 (ut
1403 2818 1691 2883 ostendat
1753 2841 1816 2883 se
1876 2820 2020 2903 jure
2076 2832 2345 2883 mutasse
2378 2817 2700 2903 vulgatam

548 2943 551 2948 ’
628 2924 981 3013 lectionem)
1048 2925 1422 3015 »quomodo
1491 2931 1781 2994 amittere
1849 2925 2061 3015 potuit
2086 2975 2102 3004 ,
2167 2947 2354 3015 quam
2416 2924 2704 2989 nondum

628 3053 661 3093 »
687 3026 913 3092 habuit
934 3033 1002 3092 '2''
1068 3028 1257 3096 Vides
1296 3029 1461 3093 idem
1493 3027 1701 3094 valere
1727 3030 1804 3094 de
1828 3027 2021 3094 verbo
2062 3034 2350 3096 retinere.
2427 3029 2706 3110 Quomo-

628 3133 709 3196 do
759 3134 924 3197 enim
979 3137 1254 3201 retinere
1308 3136 1553 3224 potuit,
1619 3158 1808 3225 quam
1873 3134 2157 3199 nondum
2206 3132 2484 3198 habuit?
2569 3135 2702 3219 Ego

624 3238 876 3330 quidem
906 3236 1067 3302 illud
1106 3244 1378 3306 retinere
1418 3238 1478 3303 h.
1529 3236 1570 3303 l.
1617 3238 1930 3330 explicare
1990 3242 2097 3304 vix
2139 3260 2427 3329 possum,
2474 3235 2704 3302 haesit-

623 3366 743 3435 que
784 3344 970 3408 etiam
1023 3345 1332 3425 DonatuS,
1380 3344 1674 3410 dubitans
1727 3360 1939 3410 utrum
1987 3346 2319 3431 conjuncte
2364 3340 2699 3427 legendum

623 3448 738 3512 sit:
789 3450 955 3529 Quid
999 3451 1154 3512 velis
1178 3453 1498 3514 retinere?
1552 3471 1631 3512 an
1673 3471 1816 3512 cum
1839 3447 2239 3538 sequentibus
2259 3448 2455 3531 magis
2477 3445 2701 3513 cohae-

619 3564 751 3617 reat
804 3548 973 3616 verb.
1036 3556 1322 3617 retinere.
1413 3552 1793 3616 Concinnius
1847 3553 2035 3616 etiam
2085 3554 2150 3615 in
2189 3551 2312 3616 hoc
2345 3574 2531 3617 versu
2568 3551 2696 3617 duo

615 3670 862 3722 tantum
917 3653 1036 3720 sibi
1098 3669 1540 3745 opponuntur,
1606 3655 2137 3746 quemadmodum
2197 3659 2261 3723 in
2320 3680 2503 3723 versu
2548 3681 2692 3748 seq.,

616 3775 905 3826 monente
973 3760 1191 3826 eodem
1250 3762 1509 3827 Donato,
1626 3763 1714 3826 Ne
1773 3758 2010 3841 multa;
2079 3761 2412 3848 legendum
2471 3762 2689 3827 credo:

610 3871 910 3934 Retinere
980 3888 1262 3934 amorem
1312 3890 1399 3933 an
1452 3873 1735 3946 mittere,
1793 3889 1919 3956 quo
1987 3883 2174 3957 pacto
2264 3892 2401 3935 eam
2427 3867 2691 3934 habebis

612 3972 1132 4050 concinnitatem,
1179 3994 1368 4062 quam
1407 3967 1799 4036 desiderabat
1826 3970 2104 4036 Donatus
2127 4023 2144 4053 ,
2190 3994 2391 4062 neque
2421 3969 2691 4061 amplius
2755 3967 2768 3972 ’

610 4076 882 4145 offendes
922 4079 985 4141 in
1026 4074 1336 4165 particula
1363 4099 1467 4143 an.
1534 4078 1766 4144 Amare
1819 4090 1880 4142 et
1905 4100 2201 4168 ‘amorem
2223 4076 2481 4144 confusa
2500 4076 2688 4142 etiam
