3123 5126
1336 638 1410 698 21

336 834 521 899 Venit
558 832 716 897 mihi
760 833 873 899 hoo
943 826 1279 914 Meqado're
1331 831 1403 894 in
1452 840 1729 897 mentem
1779 834 1880 899 ted
1914 853 2049 899 esse
2080 818 2427 900 laominem'

2145 939 2401 1006 divitem

323 1040 593 1131 denique
645 1042 711 1105 in
768 1064 853 1107 vs.
917 1047 998 1106 55
1071 1062 1391 1131 propono:
1458 1052 1521 1108 et
1564 1049 1668 1108 me
1695 1064 1877 1111 meus
1920 1047 2070 1111 ordo
2107 938 2393 1111 irrideat.

414 1351 487 1414 ΙΙ.
537 1354 577 1415 3
609 1375 698 1417 vs.
751 1355 786 1416 7

321 1455 548 1541 A‘equo
591 1459 844 1524 occlude
887 1458 1073 1523 addes
1094 1481 1113 1519 .·
1145 1459 1295 1543 jam
1334 1478 1445 1543 eqo
1476 1460 1577 1523 hic
1613 1456 1825 1524 odero.
1870 1458 2038 1537 Quid
2082 1476 2191 1541 eqo
2230 1459 2400 1523 nunc

558 1640 563 1647 Α
1784 1552 1789 1563 ’
2173 1572 2398 1646 aqam?

414 1663 700 1731 Dubitari
761 1665 977 1758 nequit
1048 1662 1338 1731 Plautum
1391 1667 1596 1731 minus
1674 1663 1956 1751 religiose
2028 1661 2397 1731 abstinuisse

323 1769 540 1850 hiatu,
573 1792 759 1861 quam
799 1772 946 1837 fecit
986 1787 1201 1863 postea
1255 1774 1615 1855 Terentiu33
1662 1772 1769 1838 sed
1817 1792 2139 1864 quousque
2177 1793 2240 1836 se
2285 1793 2394 1835 ex-

324 1874 544 1941 tendat
611 1872 816 1940 Plauti
878 1876 944 1941 in
1000 1876 1119 1943 hac
1188 1901 1252 1943 re
1313 1875 1594 1957 licentia,
1653 1898 1934 1968 quaeque
1982 1877 2109 1941 sint
2149 1872 2397 1959 regulae

328 1980 409 2045 ad
477 2001 631 2070 quas
689 1979 965 2066 singulos
1028 2006 1238 2049 versus
1293 1985 1533 2068 exigere
1597 1996 1920 2072 oporteat,
1976 1980 2398 2045 controversia

329 2098 434 2151 est.
527 2088 913 2152 Hermannus
969 2090 1136 2153 enim
1193 2112 1333 2154 raro
1384 2103 1627 2154 tantum
1654 2138 1670 2166 ,
1712 2110 1864 2165 nec,
1904 2086 2024 2149 nisi
2066 2081 2399 2173 peculiaris

332 2189 493 2255 adsit
548 2191 884 2256 excusandi
940 2212 1162 2269 causa,
1222 2189 1463 2255 hiatum
1523 2190 1846 2255 ferendum
1887 2209 2016 2253 esse
2067 2186 2394 2250 existimat.

328 2295 786 2361 Lindemannus
837 2309 1055 2360 contra
1112 2292 1345 2380 aliique
1372 2345 1388 2374 ,
1428 2316 1570 2360 eum
1617 2314 1927 2384 nusquam
1968 2313 2095 2357 non
2131 2289 2398 2356 tolerare

329 2400 640 2466 videntur.
733 2403 907 2481 Hanc
985 2401 1473 2465 controversiam
1541 2400 1875 2489 quominus
1936 2420 2050 2484 ego
2108 2397 2399 2463 dirimam

329 2500 667 2595 prohibent
724 2505 943 2571 multa.
1043 2506 1271 2574 Verum
1317 2517 1520 2569 tamen
1557 2502 1712 2595 quid
1762 2523 1874 2587 ego
1933 2501 1998 2563 in
2048 2499 2169 2565 hac
2213 2520 2398 2565 causa

332 2624 571 2675 secutus
623 2611 773 2689 sim,
843 2614 1117 2701 aperiam
1161 2633 1405 2677 necesse
1452 2626 1558 2677 est.
1613 2612 1727 2676 ·Et
1767 2609 1886 2674 hoc
1924 2607 2176 2695 quidem
2211 2606 2400 2672 credo

333 2712 498 2802 apud
561 2733 773 2778 omnes
825 2730 1141 2795 constare,
1218 2739 1345 2782 non
1405 2714 1696 2781 habuisse
1755 2711 2045 2779 Plautum
2121 2727 2401 2792 certum,

331 2817 497 2908 quod
538 2831 925 2908 sequeretur,
973 2835 1277 2909 systema3
1323 2818 1528 2885 nullas
1575 2834 1771 2884 certas
1809 2816 1927 2882 sibi
1968 2814 2132 2901 leges
2164 2816 2404 2880 consti-

332 2924 515 2989 tuisse
541 2974 556 2998 ,
601 2945 634 2987 a
681 2922 908 3013 quibus
950 2925 1264 2992 discedere
1303 2915 1476 2990 nefas
1510 2925 1805 3001 duceret3
1852 2921 1961 2986 sed
2013 2922 2198 2986 unice
2258 2943 2402 2985 eum

330 3043 616 3092 naturam
649 3043 926 3094 secutum
967 3049 1097 3095 esse
1134 3045 1195 3095 et
1240 3052 1430 3094 aures.
1521 3030 1660 3092 Jam
1695 3024 1847 3119 quid
1892 3025 2190 3088 Romanis
2230 3024 2403 3098 auri-5

330 3128 442 3196 bus
467 3181 482 3209 ,
548 3127 751 3195 Plauti
803 3147 1026 3213 aetate,
1073 3132 1290 3200 durius
1339 3154 1559 3198 sonare
1588 3181 1604 3209 ,
1652 3129 1805 3222 quid
1841 3126 2030 3195 molle
2069 3143 2132 3195 et
2171 3151 2399 3208 suave,

329 3237 532 3302 visum
581 3237 801 3316 fuerit,
847 3236 1035 3302 hodie
1075 3236 1335 3326 definire
1384 3233 1636 3301 difficile
1673 3248 1781 3300 est.
1870 3233 2023 3299 Cum
2056 3249 2262 3300 tamen
2308 3255 2406 3298 re-

331 3343 537 3427 cogito
582 3343 644 3406 in
696 3344 1018 3421 Terentio,
1087 3344 1194 3433 qui
1255 3343 1577 3432 proximus
1619 3335 1821 3404 abfuit
1868 3359 1902 3400 a
1954 3332 2158 3401 Plauti
2204 3349 2402 3400 aetate
2494 3407 2499 3412 ,

331 3459 474 3536 post
530 3443 792 3511 Bentleii
844 3469 1057 3527 curas,
1107 3447 1292 3515 semel
1342 3462 1588 3512 tantum
1611 3444 1746 3534 (Ad.
1774 3445 1844 3512 V.
1875 3447 2038 3506 1.vs.
2064 3440 2126 3529 5)
2159 3438 2402 3504 hiatum

333 3574 652 3618 occurrere
685 3551 1069 3644 (⁴)'eumque
1107 3553 1291 3619 facile
1333 3550 1435 3618 vel
1477 3547 1924 3618 removendum
1961 3543 2063 3610 vel
2108 3567 2404 3610 excusan-

336 3656 519 3736 du1n;
560 3671 622 3721 et
676 3678 819 3721 cum
856 3660 1288 3726 animadverto
1319 3711 1334 3740 ,
1382 3674 1618 3724 tantam
1663 3657 1848 3722 etiam
1904 3651 2073 3742 apud
2109 3649 2403 3717 Plautum

337 3759 755 3850 synaloephae
801 3783 930 3829 esse
974 3767 1139 3845 vim,
1175 3779 1245 3830 ut
1283 3764 1442 3828 duae
1478 3783 1660 3850 saepe
1683 3755 1993 3848 syllabae,
2026 3779 2184 3849 quae
2209 3757 2408 3821 maxi-

403 4013 454 4079 (')
490 4017 609 4065 Illos
665 4012 817 4062 modo
860 4013 1036 4061 hiatus
1075 4011 1300 4073 excipias
1326 4047 1343 4070 ,
1401 4025 1529 4072 quos
1577 4011 1837 4061 sustinent
1877 4009 2258 4072 monosyllabae
2294 4010 2403 4058 ictu

345 4102 546 4147 notatae
572 4134 587 4156 ,
625 4097 687 4146 de
725 4097 919 4158 quibus
958 4098 1199 4162 accurate
1240 4099 1293 4143 et
1316 4095 1579 4144 verissime
1604 4095 1837 4157 exposuit
1858 4091 2029 4141 Bentl.
2062 4094 2116 4140 ln
2149 4091 2404 4142 schedias-

344 4185 479 4231 mate
527 4181 586 4230 de
625 4181 808 4229 metris
848 4180 1189 4229 Terentianls.
