3123 5126
688 1154 2194 1314 HEAIJTONTIMORIJMENOS.

405 1655 454 1719 1.
508 1660 537 1719 1
584 1678 678 1722 vs.
733 1658 852 1721 20:

496 1760 579 1825 At
611 1764 783 1827 enim
828 1764 1032 1839 dicer,
1077 1781 1179 1828 me
1219 1770 1530 1846 quantum
1567 1764 1667 1828 hio
1705 1768 1913 1848 operis
1948 1766 2066 1850 siat
2092 1767 2392 1849 poenitet.

408 1866 607 1952 Hujus
647 1887 862 1932 versus
900 1866 1135 1957 optime
1173 1889 1236 1932 se
1268 1864 1459 1932 habet
1493 1868 1834 1948 sententia,
1880 1870 2122 1934 numeri
2161 1864 2484 1932 vacillant.

407 1968 662 2034 Codices
696 1966 859 2033 nihil
904 1969 1031 2035 fere
1069 1984 1315 2035 mutant
1338 2021 1354 2050 ,
1399 1972 1520 2036 nisi
1553 1972 1726 2061 quod
1761 1970 1919 2038 liber
1942 1971 2275 2038 Bembinus
2295 1973 2490 2038 omit-

406 2072 486 2138 tit
526 2096 710 2165 pron.
756 2096 889 2153 me,
933 2076 1120 2164 pauci
1144 2076 1401 2163 quidam
1435 2073 1561 2139 alio
1609 2076 1827 2141 ordine
1856 2073 2107 2161 legunt:
2197 2078 2279 2143 At
2317 2080 2487 2143 dices

409 2181 600 2245 enim.
688 2174 1003 2264 Bentlejus
1061 2181 1256 2265 eJecto
1315 2182 1512 2259 dicer,
1593 2179 1903 2245 senarium
1965 2179 2253 2246 restituit.
2366 2179 2490 2244 Cur

409 2296 616 2348 autem
668 2281 790 2348 hoc
847 2280 1228 2348 vocabulum
1289 2283 1569 2370 ejecerit,
1629 2298 1753 2349 tres
1811 2284 1985 2349 dedit
2040 2305 2287 2364 causas,
2334 2308 2500 2376 quas¹

409 2408 521 2471 age
575 2385 771 2476 paulo
850 2388 1201 2453 accuratius
1289 2386 1764 2454 consideremus.
1862 2390 1959 2471 1⁰]
2032 2389 2487 2459 »Vocabulum

409 2517 444 2558 »
472 2497 642 2561 dices
691 2495 756 2558 in
819 2493 1011 2559 Codd.
1068 2492 1288 2559 incerti
1324 2489 1474 2556 laris
1513 2493 1663 2557 est.''
1752 2492 1834 2559 At
1863 2490 2041 2558 nulla
2078 2494 2143 2557 in
2187 2517 2253 2560 re
2289 2496 2490 2581 major

409 2597 902 2688 deprehenditur
936 2597 1225 2664 codicum
1272 2597 1692 2663 inconstantia
1715 2649 1730 2677 ,
1776 2622 1964 2689 quam
1997 2600 2063 2666 in
2108 2600 2329 2667 ordine
2351 2623 2492 2667 ver-

406 2701 650 2769 borum.
739 2705 810 2768 In
857 2700 1118 2790 singulis
1172 2702 1301 2769 sere
1339 2702 1621 2771 versibus
1656 2704 1761 2770 hic
1799 2703 1900 2771 vel
1925 2703 2033 2774 ille
2077 2707 2275 2776 codex
2296 2706 2496 2798 paulo

407 2808 726 2874 diversum
774 2832 809 2873 a
845 2807 1103 2894 vulgata
1135 2803 1402 2874 lectione
1432 2807 1692 2897 praebet
1732 2810 2034 2877 ordinem.
2127 2814 2259 2878 Hoc
2298 2814 2518 2897 igitur]

406 2927 843 2996 argumentum
899 2913 988 2977 ita
1044 2912 1294 2978 demum
1358 2914 1492 2978 vim
1560 2913 1898 3004 quamdam
1962 2912 2190 2994 habet,
2262 2917 2312 2981 si
2364 2914 2490 2980 alia

406 3019 697 3103 graviora
734 3017 1050 3084 accedant.
1144 3019 1246 3099 2⁰]
1301 3018 1548 3108 »Apud
1610 3019 1895 3083 Servium
1948 3019 2030 3083 ad
2099 3022 2269 3106 Virg.
2355 3018 2483 3085 Ecl.

408 3144 444 3185 »
470 3122 547 3188 11.
613 3124 699 3187 34
754 3120 822 3188 h.
870 3120 909 3187 l.
951 3123 1247 3188 citantem
1272 3173 1289 3203 ,
1338 3120 1500 3188 illud
1545 3127 1713 3190 dices
1746 3145 2056 3214 nusquam
2094 3126 2487 3216 comparet.'’

407 3225 490 3290 At
543 3223 831 3293 consulto
884 3224 992 3292 ille
1038 3227 1314 3293 omisisse
1376 3226 1627 3292 videtur
1669 3250 1843 3308 voc.,
1891 3229 2062 3320 quod
2096 3229 2259 3296 nihil
2302 3228 2498 3297 facie-

408 3329 521 3394 bat
566 3330 648 3394 ad
714 3353 885 3410 rem,
939 3345 1001 3396 et
1044 3355 1120 3397 ex
1168 3346 1298 3397 tota
1345 3333 1644 3399 orationis
1693 3339 1848 3400 serie
1887 3335 2137 3401 demum
2183 3351 2348 3402 recte
2391 3338 2490 3401 in-

409 3431 610 3519 telligi
662 3448 886 3524 potest.
975 3437 1145 3519 Quid
1192 3437 1362 3528 quod
1411 3438 1621 3503 omisit
1672 3439 1859 3503 etiam
1900 3459 2042 3516 me,
2102 3440 2278 3524 cujus
2306 3439 2491 3503 omit-

411 3537 585 3606 tendi
618 3537 795 3604 nulla
827 3554 959 3606 erat
997 3542 1230 3607 causa?
1317 3542 1554 3608 Deinde
1602 3542 2030 3609 commentarii
2075 3543 2276 3608 Servii
2303 3540 2488 3607 valde
2571 3567 2574 3572 ⁴

409 3641 685 3711 mutilati
737 3644 818 3710 ad
875 3667 990 3712 nos
1044 3661 1362 3713 venerunt.
1455 3647 1557 3728 3⁰]
1618 3670 1653 3712 ›>
1684 3650 1903 3727 Dices,
1952 3647 2003 3711 si
2047 3644 2152 3710 hic
2203 3661 2487 3727 maneat,

410 3774 445 3816 »
473 3764 535 3816 et
552 3750 949 3816 incommodo
986 3766 1079 3817 est
1108 3766 1170 3817 et
1201 3752 1501 3842 perniciei
1523 3776 1539 3832 3
1603 3753 1840 3844 quippe
1896 3750 2184 3817 Chremes
2232 3753 2485 3844 quidem

414 3854 598 3919 »hoc
659 3853 919 3933 dixerit,
985 3853 1374 3922 Menedemus
1421 3855 1677 3921 minime
1715 3857 2016 3923 omnium.
2112 3857 2177 3922 Si
2221 3857 2354 3948 ipse
2397 3859 2490 3922 sa-

414 3981 449 4022 »
475 3972 674 4024 teatur
703 4009 720 4038 ‚
770 3958 1089 4049 poenitere
1136 3981 1235 4038 se,
1281 3972 1581 4050 quantum
1605 3961 1808 4049 operis
1847 3960 1992 4040 fiat,
2050 3983 2161 4027 cur
2203 3984 2327 4027 non
2355 3963 2486 4052 ipse

414 4084 717 4130 »cessans
756 4085 966 4132 servos
1023 4079 1239 4149 urget,
1287 4078 1356 4130 ut
1396 4061 1539 4152 plus
1581 4064 1737 4132 fiat?
1784 4089 1893 4133 cur
1925 4083 2136 4155 prave
2183 4082 2242 4133 et
2298 4067 2496 4131 inuti--
