3123 5126
1426 536 1508 598 97

427 727 621 807 plus,·
665 737 853 816 atque
879 724 969 789 ita
1007 725 1179 815 cepit
1202 723 1551 814 Bentlejus,
1590 737 1652 793 et
1681 727 1818 813 jam
1845 736 1999 791 ¹ante
2039 725 2316 791 Donatus
2340 773 2357 803 ‚
2404 726 2513 816 qui

431 828 596 896 mala
658 829 778 896 hac
815 830 1326 921 interpretatione
1360 831 1635 898 irretitus
1654 881 1671 912 ‚
1733 829 1881 897 satis
1935 830 2262 897 commode
2302 846 2509 897 tamen
2603 910 2606 917 Ι

430 956 496 1001 se
515 934 831 1025 expedivit
856 986 872 1014 ,
919 935 999 999 ad
1022 938 1343 1022 εἶρωνείαν
1368 937 1749 1021 confugiens.
1795 935 2033 1022 Injuria
2061 937 2251 1022 igitur
2272 960 2309 1002 a
2330 938 2516 1002 Bent-

430 1036 554 1127 lejo
591 1039 1068 1131 reprehenditur
1107 1042 1399 1125 magister
1439 1039 1718 1125 egregius
1742 1089 1759 1119 ‚
1803 1039 1981 1131 quasi
2024 1039 2075 1105 is
2106 1043 2314 1124 placet
2346 1040 2512 1106 idem

426 1144 775 1230 significare
807 1146 1129 1236 putaverit
1162 1168 1234 1211 ac
1264 1149 1551 1230 displicet
1571 1173 1594 1222 ;
1642 1167 1790 1210 nam
1847 1167 1918 1210 ea
1958 1158 2051 1210 est
2112 1143 2349 1209 ironiae
2390 1167 2509 1210 na-

427 1259 567 1312 tura
591 1297 608 1326 ,
668 1261 740 1312 ut
798 1245 973 1313 aliud
1022 1248 1224 1330 dicas,
1295 1246 1469 1315 aliud
1518 1246 1847 1334 intelligas,
1905 1245 2116 1313 Altera
2151 1246 2322 1313 hunc
2368 1272 2507 1316 ver-

425 1374 564 1418 sum
612 1350 971 1443 explicandi
1035 1355 1195 1420 ratio
1256 1369 1382 1435 est,
1446 1369 1518 1420 ut
1566 1358 1782 1421 minus
1822 1352 2050 1418 arctius
2085 1355 2505 1440 conjungatur

423 1480 567 1523 cum
625 1457 817 1524 verbo
864 1464 1108 1546 placet,
1154 1460 1240 1524 ita
1279 1473 1351 1524 ut
1385 1457 1625 1524 locutio
1665 1456 1812 1523 illa:
1859 1478 1990 1524 non
2036 1458 2151 1523 tibi
2190 1461 2355 1524 illud
2385 1464 2505 1525 mi·

422 1583 550 1629 nus
603 1567 812 1647 placet
858 1563 1023 1630 idem
1081 1563 1413 1649 significet,
1481 1562 1653 1655 quod
1694 1584 1855 1630 ⁴non
1910 1564 2025 1629 tibi
2077 1565 2238 1629 illud
2301 1568 2506 1649 Μαρία·

422 1670 725 1752 displicet.
766 1704 771 1709 ·
816 1669 894 1734 Et
953 1667 1108 1734 haec
1155 1670 1407 1760 quidem
1463 1667 1622 1734 mihi
1679 1690 1826 1733 vera
1872 1667 2124 1733 videtur
2154 1664 2279 1732 loci
2313 1668 2504 1735 inter-

420 1770 690 1859 pretatio
718 1820 737 1849 ,
807 1794 998 1863 quam
1048 1772 1269 1838 suadet
1321 1773 1509 1839 etiar'n
1566 1774 1702 1864 ipsa
1770 1770 2106 1839 verborum
2143 1768 2495 1837 collocatio.

425 1874 529 1939 Sic
579 1878 884 1942 sententia
906 1878 1240 1968 perspicua
1269 1892 1395 1957 est,
1442 1901 1554 1945 nec
1585 1878 1933 1971 quidquam
1952 1887 2194 1942 mutare
2212 1890 2304 1941 est
2319 1898 2498 1967 opus.
