3123 5126
1369 597 1450 659 63

379 812 413 852 »
441 784 739 861 adverbia
787 785 993 849 omnia
1018 835 1033 862 ,
1083 806 1241 876 quae
1276 806 1420 851 cum
1455 784 2025 875 praepositionibus
2058 809 2439 878 componun-

378 916 414 957 »
443 906 582 970 tur,
648 888 762 956 sub
810 912 936 955 uno
1006 906 1267 957 accentu
1358 892 1732 982 proferenda
1816 905 1995 971 sunt,
2059 907 2132 957 ut
2184 897 2438 975 deinde,

375 1020 410 1060 »
443 1000 682 1064 winde.
766 996 946 1061 Hauc
997 993 1277 1082 regulam
1355 996 1634 1087 sequitur
1703 996 1903 1061 omnis
1945 997 2342 1081 conjuncti0,
2378 1012 2439 1064 et

376 1101 510 1166 »in
567 1100 928 1190 compositis
987 1115 1048 1166 et
1106 1102 1171 1166 in
1223 1097 1650 1190 simplicibus,
1707 1115 1777 1165 ut
1815 1105 2078 1179 interea,
2126 1103 2438 1189 e‘cenim'').

372 1206 608 1271 Deinde
647 1212 865 1273 vivant
896 1220 957 1272 et
1003 1208 1261 1272 valeant
1291 1203 1493 1270 multo
1552 1202 1775 1271 melius
1828 1196 2102 1296 priorem
2167 1221 2436 1287 acuunt,

371 1333 595 1401 quam,
658 1324 728 1374 ut
769 1333 936 1375 nunc
983 1307 1238 1386 volunt,
1302 1310 1724 1399 posteriorem.
1802 1311 2120 1377 Caeterum
2155 1333 2281 1375 non
2317 1325 2438 1378 tres

376 1428 621 1478 tantum
698 1412 767 1479 hi
827 1436 1079 1493 versuS,
1125 1413 1231 1479 sed
1285 1412 1582 1505 permulti
1621 1416 1687 1480 in
1727 1412 1846 1480 hac
1913 1437 2094 1480 scena
2169 1413 2268 1481 his
2328 1438 2444 1481 nu-

375 1520 558 1585 meris
604 1520 937 1609 compositi
983 1533 1160 1599 sunt,
1206 1534 1278 1584 ut
1320 1542 1409 1585 vs.
1459 1524 1567 1585 17:

723 1629 882 1713 Ῑάοίι
917 1626 1197 1712 injurios
1233 1629 1564 1693 immerito.

375 1753 559 1821 quem
598 1729 877 1820 sequitur
927 1726 1118 1792 catal:

721 1837 961 1920 nosque
1005 1834 1082 1897 ab
1127 1836 1227 1899 his
1270 1835 1581 1901 ahdalcero
1621 1838 1763 1903 volt.

371 1936 481 2004 ubi
524 1939 913 2003 Hermannus
957 1940 1237 2030 scripsit:

726 2065 966 2131 nosque
1011 2047 1090 2109 άὶ)
1135 2049 1217 2111 iis
1263 2066 1435 2111 nunc
1476 2049 1784 2114 abducere
1827 2049 1967 2113 volt.

369 2150 598 2216 Contra
641 2147 833 2213 libros
863 2149 997 2214 MsS.
1047 2149 1316 2214 inserens
1373 2170 1590 2225 παθη),-
1656 2164 1720 2213 at
1783 2147 1944 2213 nihil
1998 2165 2130 2214 erat
2200 2164 2463 2221 mutan-,

373 2253 559 2332 dum3
605 2275 753 2316 nam
799 2251 1170 2318 subsistente
1213 2251 1533 2344 paulisper
1590 2246 1827 2317 Pinacii
1873 2256 2187 2333 oratione,
2251 2254 2470 2344 aptis-·

374 2357 526 2421 sime
558 2354 662 2419 hic
700 2357 876 2421 venit
919 2353 1350 2435 catalecticus,
1403 2358 1467 2421 in
1516 2359 1691 2443 cujus
1728 2355 1950 2424 ultima
1997 2361 2119 2426 arsi
2159 2358 2441 2449 rythmus

373 2463 507 2550 ipse
552 2484 799 2552 quoque
841 2462 1130 2552 quiescit,
1176 2460 1364 2551 plane
1422 2477 1493 2527 ut
1534 2464 1598 2526 in
1641 2461 1865 2551 Amph.
1911 2465 1981 2531 V.
2021 2468 2051 2528 1
2092 2486 2180 2529 vs.
2216 2462 2300 2541 8,'
2330 2485 2452 2530 noo

376 2576 486 2632 me'
507 2572 796 2636 miserior
824 2571 1065 2654 semina
1103 2577 1216 2633 est.
1310 2566 1432 2632 Sed
1474 2567 1797 2632 Pinacium
1820 2618 1837 2648 ,
1877 2590 2046 2634 novo
2086 2583 2290 2635 sumto
2319 2568 2450 2659 spi-

377 2670 502 2736 ritu
528 2721 545 2750 ‚
584 2672 670 2737 ita
706 2671 946 2760 pergit:

769 2779 918 2841 Hae'
945 2797 1047 2842 res
1092 2781 1257 2845 vitae
1301 2786 1411 2844 me'
1442 2799 1622 2845 soror
1647 2828 1663 2857 ‚
1710 2780 2038 2858 saturant,

771 2882 901 2946 haef
930 2884 1090 2947 mihi
1121 2885 1399 2949 dividiae
1438 2891 1497 2949 εἳ
1539 2884 1716 2948 senio
1746 2893 1913 2949 sunt.

376 2980 489 3046 ubi
533 2982 707 3048 vides
752 2986 1093 3050 sententiae
1135 2985 1384 3075 pondus
1431 2987 1517 3049 ita
1555 2985 1912 3050 incumbere
1952 2985 2216 3073 repetito
2261 3006 2453 3049 voca-

379 3082 530 3150 bulo
575 3089 724 3166 hae,
769 3101 839 3152 ut
881 3109 1009 3152 non
1056 3087 1299 3177 possint
1344 3088 1473 3153 ictu
1518 3110 1740 3153 carere.
1832 3089 2255 3153 Hermannus:

774 3196 895 3258 hae
944 3203 1043 3260 ress
1079 3197 1242 3260 vitae
1275 3216 1414 3273 me,
1452 3183 1639 3259 ‘sdror
1679 3195 2009 3274 samaim,

772 3298 892 3362 hae
935 3298 1097 3364 milvi
1133 3300 1405 3363 dividiae
1444 3307 1506 3363 et
1546 3301 1720 3364 senio
1761 3308 1926 3363 sunt.

379 3405 446 3465 in
488 3423 673 3468 versu
724 3402 806 3463 24
852 3398 1016 3484 lege:
1569 3457 1572 3460 ,

773 3505 987 3591 Ne'que
1035 3507 1144 3572 ille
1179 3513 1418 3572 mereat
1459 3506 1583 3570 sibi
1636 3507 1986 3573 Persarum
2039 3527 2044 3533 ·

780 3615 1054 3689 montem,
1099 3614 1208 3695 qui
1241 3618 1378 3676 e'sse
1417 3615 1603 3678 aurei
1621 3613 2031 3696 perhibentur
2053 3661 2071 3692 ,

378 3723 440 3780 et
484 3717 549 3779 in
584 3737 770 3780 versu
807 3717 906 3780 28.
1621 3721 1624 3726 ’

689 3821 881 3886 De'cet
899 3847 912 3884 ε
953 3831 1157 3904 neque
1198 3823 1368 3887 e'nim
1408 3825 1475 3886 id
1519 3824 1834 3888 imme'rito
1874 3826 2128 3888 eveniet.

378 3924 700 3989 Caeterum
758 3920 861 3986 hic
921 3943 1172 4013 quoque
1229 3922 1404 3989 locus
1465 3915 1843 3990 documento
1906 3938 1998 3989 est
2021 3976 2036 4004 ,
2083 3948 2271 4017 quam
2305 3921 2452 3992 reli-

377 4029 547 4112 giose
597 4025 841 4092 librarii
877 4032 1263 4096 servaverint
1299 4053 1592 4096 versuum
1619 4029 2082 4112 distinctioneS,
2128 4033 2311 4098 etiam
2332 4028 2447 4095 ubi

378 4155 788 4206 numerorum
829 4158 1020 4219 genus
1063 4135 1213 4224 ipsis
1251 4151 1405 4203 esset
1441 4134 1629 4226 plane
1661 4137 1956 4221 ignotum,
