3123 5126
907 1065 1876 1163 AMPHITRIJO.

458 1472 700 1558 Prolog.
741 1496 831 1539 vs.
877 1478 981 1567 50*
1004 1497 1135 1566 sqq.

546 1654 734 1718 Nunc
772 1640 968 1737 qudm
1000 1675 1135 1719 rem
1167 1663 1419 1719 oratum
1451 1657 1574 1720 huc
1595 1659 1742 1721 ve'ni
1759 1709 1776 1734 ,
1800 1659 2030 1741 paucis
2046 1658 2386 1742 pro'loquar
2404 1681 2419 1729 ;

539 1768 687 1841 post
728 1761 1179 1842 drqumentum
1224 1761 1422 1846 hujus
1461 1764 1720 1848 dloquar
1764 1764 2138 1846 traqdediae.

550 1865 716 1943 Quid
759 1866 1166 1929 cantrawistis
1208 1864 1483 1949 srdntem
1501 1875 1528 1927 2
1577 1866 1741 1946 Quia
1785 1867 2169 1949 traqdediam

549 1971 687 2032 dimi
723 1970 1015 2053 futuram
1060 1969 1224 2034 hanc
1244 1979 1270 2032 7
1314 1970 1468 2033 de'us
1513 1989 1658 2035 sum
1686 1996 1706 2032 .·
1753 1973 2216 2035 commutdvero

555 2074 836 2137 eamdem
878 2074 1074 2149 hcine,
1117 2076 1178 2137 si
1218 2075 1402 2137 voltis
1430 2096 1449 2134 .-
1492 2073 1729 2157 fdciam
1750 2121 1764 2148 ,
1813 2095 1895 2137 em
1940 2074 2259 2157 traqo'edia

560 2178 869 2242 comdedia
908 2188 981 2243 ut
1023 2181 1109 2243 sit
1129 2227 1146 2254 ‚
1197 2177 1491 2241 amnibus
1533 2177 1738 2241 isdem
1781 2178 2086 2241 versibus,

479 2352 705 2418 Vitium
758 2350 907 2418 latet
965 2355 1030 2417 in
1089 2350 1325 2417 verbis:
1373 2363 1835 2419 commutavero
1887 2355 2174 2418 eamdem
2243 2355 2427 2419 hano.

379 2457 723 2523 Pronomen
788 2462 1074 2526 eamdem
1098 2510 1114 2539 ,
1175 2460 1239 2522 in
1305 2479 1430 2548 quo
1489 2457 1556 2523 h.
1618 2456 1658 2521 l.
1706 2455 1882 2523 nulla
1937 2472 2028 2522 est
2076 2458 2172 2522 vis
2198 2507 2214 2537 ‚
2259 2454 2435 2521 nulla

386 2566 586 2649 gratia
611 2615 626 2643 ,
669 2561 881 2630 melius
935 2561 1186 2652 abesset.
1279 2565 1410 2656 Hoe
1446 2561 1674 2627 vitium
1717 2585 1861 2627 cum
1893 2561 2177 2627 sensisset
2213 2561 2437 2630 Linde-

389 2691 646 2734 mannus
668 2720 684 2748 ,
742 2668 1006 2733 duorum
1075 2666 1363 2731 codicum
1426 2664 2123 2757 Guelpherbytanorum
2160 2671 2436 2736 auctori-

384 2787 507 2839 tate
538 2774 812 2864 scripsit:
855 2782 1318 2840 commutavero
1365 2775 1586 2837 eadem
1629 2775 1691 2837 si
1728 2777 1911 2839 voltis
1926 2801 1949 2850 ;
1998 2777 2161 2842 hano
2202 2779 2439 2863 fadum

377 2901 456 2945 em
501 2882 826 2965 traqoedia
866 2893 1015 2956 etc.,
1085 2876 1173 2940 ita
1244 2890 1316 2940 ut
1376 2878 1599 2941 eddam
1640 2873 1943 2958 significet
1984 2879 2149 2956 una,
2204 2883 2435 2945 simul.

379 2990 609 3052 statim.
698 2985 916 3050 Fateor
966 2987 1186 3049 eadem
1260 2978 1696 3047 subintellecto
1757 3002 1949 3065 opera
2025 3001 2206 3069 saepe
2266 2981 2438 3071 apud

382 3085 674 3153 Plautum
715 3108 1037 3153 occurrere
1065 3136 1081 3166 ,
1123 3085 1231 3151 sed
1277 3083 1444 3149 idem
1486 3082 1796 3148 contendo
1826 3084 1956 3169 ejus
1990 3081 2283 3148 vocabuli
2304 3083 2437 3148 vim

381 3191 463 3256 ab
505 3191 565 3257 h.
615 3192 654 3258 l.
699 3192 891 3283 plane
947 3214 1075 3257 esse
1134 3190 1439 3270 alienam3
1497 3190 1734 3280 quippe
1783 3187 2097 3254 indicatur
2162 3210 2235 3254 eo
2285 3187 2439 3255 duas

382 3320 476 3363 res
515 3298 730 3363 eadem
782 3320 971 3389 opera
991 3348 1006 3376 ‚
1053 3297 1270 3362 eodem
1324 3309 1605 3385 tempore
1642 3293 1890 3382 peragi,
1924 3306 1995 3358 ut
2035 3293 2102 3356 in
2140 3295 2280 3383 ipso
2324 3292 2437 3359 illo

382 3399 686 3492 exemplu,
709 3401 881 3493 quod
897 3425 972 3468 ex
990 3401 1279 3468 Bacchid.
1313 3404 1380 3492 (1.
1408 3406 1462 3467 1.
1483 3425 1573 3467 vs.
1603 3405 1632 3464 1
1646 3400 1707 3490 5)
1734 3398 1945 3465 attulit
1966 3398 2445 3466 Lindemannus:

466 3507 715 3572 Eddem
748 3508 1002 3586 biberis,
1052 3510 1272 3574 eddom
1316 3510 1541 3574 dedero
1587 3507 1701 3572 tibi
1743 3509 1856 3574 ubi
1896 3507 2124 3573 biberis
2153 3508 2439 3584 sdvo‘uam

383 3622 448 3672 at
512 3624 728 3675 nostro
792 3612 856 3674 in
925 3609 1065 3676 loco
1123 3608 1286 3676 nihil
1341 3610 1662 3698 ejusmodi.
1753 3609 1919 3692 Quid
1962 3610 2150 3696 igitur
2174 3610 2206 3675 ἲ
2289 3608 2443 3676 Mihi

375 3714 633 3804 quidem
664 3712 919 3800 vulgata
945 3715 1136 3781 lectio
1172 3714 1481 3782 servanda
1501 3715 1787 3795 videtur3
1824 3715 1910 3780 ita
1932 3728 2138 3780 tamen
2162 3765 2178 3795 ,
2204 3729 2275 3781 ut
2294 3729 2441 3805 post

379 3814 763 3882 vocabulum
824 3831 1285 3888 eommutavcro
1351 3821 1551 3907 major
1595 3833 1866 3908 ponatur
1918 3819 2274 3901 distincti03
2318 3841 2444 3911 quo

380 3921 570 4002 facto,
615 3923 826 3989 omnia
871 3938 1055 3989 erunt
1092 3921 1456 4012 planissima
1475 3973 1491 4001 ,
1537 3935 1600 3988 et
1651 3922 1954 3988 sententia
1990 3939 2277 3990 nascetur
2299 3946 2445 3990 vere

383 4023 687 4090 Plautina.
781 4027 939 4092 Nam
990 4026 1264 4117 primum
1319 4035 1779 4094 commutavero
1835 4024 2202 4094 habebimus
2269 4025 2448 4094 abso-

389 4125 517 4195 lute
556 4130 836 4220 positum
860 4180 876 4208 ,
918 4146 990 4196 ut
1034 4131 1099 4196 in
1140 4131 1504 4200 Trinummo
1543 4131 1588 4196 1.
1616 4134 1689 4196 ⁴2.
1733 4155 1824 4196 vs.
1873 4134 1947 4195 21
1982 4157 1994 4196 τ

2064 4241 2092 4298 1
