3123 5126
1405 584 1487 647 25

399 796 754 867 pronomen
808 796 910 841 mo
969 775 1284 841 exciderat
1346 777 1606 842 fortasse
1678 789 1938 865 propter
1980 776 2473 846 vicinas-literas

399 905 551 959 ent,
612 882 918 947 intrusum
965 879 1191 945 deinde
1236 904 1271 944 a
1323 878 1597 946 librariis
1645 878 1787 945 loco
1828 878 2051 945 alieno,
2143 882 2360 949 Hiatus
2408 886 2472 948 in

400 1009 657 1052 caesura
718 1001 863 1077 post
917 1008 1051 1050 voc.
1105 991 1321 1052 minae
1379 983 1476 1052 bis
1521 986 1792 1051 occurrit
1832 986 1894 1050 in
1951 1008 2077 1050 una
2120 984 2238 1051 hac
2273 1010 2471 1054 scena.

401 1113 498 1156 vs.
541 1093 657 1155 61:
728 1092 858 1158 Sod
920 1094 980 1156 si
1042 1092 1158 1157 tibi
1214 1094 1439 1177 viqimi
1503 1096 2004 1177 minae-arye'mi
2055 1096 2474 1180 prosere‘nmr.

398 1208 466 1260 et
509 1217 598 1261 vs.
648 1198 751 1261 63.

532 1325 609 1387 Id
647 1327 881 1407 pocius.
945 1325 1173 1409 Viyinli
1218 1326 1572 1391 minae-hio
1615 1326 1846 1390 insunt
1885 1326 1956 1390 in
2001 1331 2326 1390 orume'na.

397 1431 471 1493 In
516 1426 654 1494 Aul.
690 1429 793 1495 111.
831 1432 870 1493 3
929 1452 1019 1495 vs.
1070 1432 1107 1494 4
1162 1428 1362 1514 legere
1410 1429 1638 1520 possis:
1700 1432 1988 1508 E‘eiam,
2063 1433 2122 1495 si
2171 1434 2305 1505 vis,
2367 1433 2470 1494 iu-

400 1537 703 1608 troduco;
775 1547 837 1597 et
905 1555 994 1597 vs.
1064 1535 1120 1597 7.
1212 1535 1388 1599 Intro
1433 1535 1604 1599 abite
1646 1553 1765 1621 pro
1812 1535 1951 1612 abi,
2001 1557 2149 1599 nam
2194 1536 2471 1627 sequitur

398 1650 631 1705 vestra.
727 1638 1002 1728 Denique
1067 1637 1130 1701 in
1191 1633 1333 1701 loco
1375 1634 1523 1715 illo,
1563 1640 1729 1701 unde
1769 1650 1900 1701 tota
1964 1636 2116 1704 haec
2167 1638 2243 1705 de
2292 1638 2472 1705 hiatu

399 1743 743 1834 disputatio
786 1755 1001 1808 exorsa
1048 1758 1140 1809 est
1184 1745 1280 1833 (11.
1336 1746 1375 1808 3
1418 1765 1509 1808 VS.
1554 1742 1617 1831 7)
1654 1739 1854 1827 legere
1901 1765 2223 1833 propono:
2263 1750 2472 1831 Atque

392 1853 698 1919 occludite
741 1854 952 1918 α’θιὶθε.
1046 1849 1365 1915 Caeterum
1393 1847 1547 1913 huic
1593 1847 1874 1913 meaede
1917 1846 2097 1914 hiatu
2136 1851 2475 1916 sententiae

390 1956 663 2021 maxime
714 1954 883 2019 favet
943 1952 1117 2019 locus
1158 1953 1469 2019 Ciceronis
1512 1952 1683 2018 Orat.
1734 1956 1769 2038 §
1815 1955 1974 2032 150,
2031 1953 2141 2020 ubi
2201 1953 2467 2020 affirmat

391 2061 681 2125 Latinam
721 2057 1003 2144 linguam
1041 2082 1112 2125 ea
1152 2061 1217 2124 in
1252 2082 1316 2125 re
1365 2060 1453 2124 sic
1499 2056 1831 2123 observare
1854 2060 2099 2125 aurium
2125 2059 2467 2146 judicium,

393 2185 639 2231 »nemo
680 2177 750 2228 ut
790 2177 919 2227 tam
956 2163 1223 2228 rusticus
1259 2164 1372 2241 sit,
1396 2163 1547 2252 quin
1578 2158 1825 2226 vocales
1849 2159 2011 2226 nolit
2040 2165 2473 2250 conjungere.'’

390 2269 473 2333 Et
526 2265 719 2358 paulo
780 2280 950 2358 post,
1025 2280 1241 2332 notata
1302 2268 1683 2334 Graecorum
1735 2264 2019 2344 licentia,
2085 2265 2171 2329 ita
2231 2266 2471 2355 pergit:

391 2398 430 2439 ›>
463 2375 584 2440 Sed
617 2374 839 2441 Graeci
874 2374 1179 2440 viderint:
1226 2370 1442 2454 nobis,
1481 2396 1560 2439 ne
1605 2374 1655 2440 si
1686 2372 2010 2463 cupiamus
2035 2372 2288 2463 quidem
2309 2423 2325 2451 ,
2350 2372 2471 2438 dis·

390 2501 428 2544 »
456 2474 700 2543 trahere
735 2500 920 2542 voces
962 2478 1340 2545 conceditur.
1430 2481 1722 2544 Indicant
1750 2480 2074 2544 ‘orationes
2118 2477 2266 2544 illae
2299 2480 2469 2569 ipsae

391 2582 812 2651 »horridulae
848 2584 1129 2650 Catonis:
1175 2585 1457 2650 indicant
1493 2609 1707 2651 omnes
1752 2601 1973 2676 poetae
1996 2637 2011 2665 ,
2048 2599 2295 2674 praeter
2333 2608 2467 2665 eos,

392 2693 561 2783 »qui
603 2704 674 2755 ut
714 2713 958 2756 versum
1009 2690 1308 2770 facerent,
1360 2715 1542 2782 saepe
1590 2690 1890 2758 hiabant:
1928 2706 1999 2756 ut
2031 2690 2334 2770 Naevius,

526 2799 735 2878 Quam
767 2803 1120 2883 numquam
1163 2800 1336 2866 vobis
1383 2801 1561 2864 Gra'ii
1586 2850 1601 2877 ,
1657 2838 1740 2847 ——
1778 2809 1966 2884 atquo
2010 2798 2303 2861 Barbari.

395 2922 428 2964 »
457 2899 544 2963 Ac
592 2900 826 2966 Ennius
871 2898 1092 2967 semel:
1786 2892 1791 2898 ⁸

524 3005 729 3087 Scipio
770 3009 1015 3073 invicto.
1054 3046 1142 3056 —

395 3106 531 3171 »Et
577 3106 831 3195 quidem
880 3129 1026 3172 nos:

526 3215 656 3279 Hoc
693 3221 869 3276 motu
901 3209 1213 3277 radiantis
1264 3213 1520 3278 Etesiae
1557 3250 1645 3261 —
1688 3215 1757 3278 in
1791 3214 1955 3276 vada
1989 3212 2182 3294 ponci.

394 3318 586 3381 »Hoc
632 3315 796 3380 idem
839 3314 1033 3378 nostri
1076 3314 1320 3403 saepius
1367 3337 1492 3379 non
1535 3313 1857 3394 tulissent,
1885 3310 2055 3403 quod
2081 3309 2301 3375 Graeci
2328 3308 2468 3375 lau-

394 3445 427 3486 »
457 3421 602 3488 dare
650 3419 836 3487 etiam
876 3415 1135 3483 solent.''
2454 3424 2466 3436 “
