3123 5126
1435 566 1517 624 33

451 764 518 815 et
562 750 756 841 (quod
802 753 1210 819 certissimum
1257 753 1370 841 est)
1411 752 1816 821 Bacchiacos:

719 860 860 925 Tibi
901 862 1014 945 qui
1053 864 1358 939 serednh‘,
1401 865 1605 931 siccae
1625 912 1643 939 ‚
1693 864 2114 929 semisdmnae
2132 911 2151 941 ‚

712 964 900 1049 affert
933 969 1256 1049 potionem
1300 978 1361 1034 et
1404 973 1505 1035 te'd
1545 973 1598 1034 it
1638 971 1955 1035 sedatum.

449 1088 607 1156 quos
667 1089 794 1159 quo
830 1072 974 1157 Jure
1027 1070 1299 1138 Weisius
1360 1086 1726 1161 anapaestos
1770 1071 1972 1138 dicere
2029 1073 2343 1162 potuerit,
2392 1096 2518 1139 nou

446 1169 746 1259 intelligo,
837 1175 1195 1265 Sequuntur
1256 1196 1332 1240 ex
1394 1175 1673 1262 ejusdem
1729 1177 1851 1242 viri
1912 1177 2215 1242 sententia
2268 1177 2518 1256 Cretici,

445 1300 714 1373 quorum
765 1302 881 1367 ego
942 1280 1217 1370 primum
1280 1282 1564 1373 suspicor
1615 1280 1861 1349 duobus
1905 1296 2189 1348 constare
2235 1280 2524 1350 versibus

444 1380 839 1449 Dochmiacis
886 1381 962 1472 (*)

623 1489 832 1569 Quam
880 1490 1064 1573 lonye
1102 1487 1144 1551 ά
1182 1509 1286 1554 me
1326 1490 1547 1555 abest?
1633 1487 1646 1576 Ι
1721 1491 1853 1557 Hoc
1893 1494 2109 1558 ldme'n
2143 1496 2327 1560 vide!

444 1607 792 1685 sequuntur
816 1592 942 1658 duo
960 1592 1200 1674 Cretici,
1243 1593 1320 1660 de
1338 1593 1569 1685 quibus
1588 1592 1835 1661 nullum
1859 1611 2065 1686 potest
2087 1620 2217 1665 esse
2238 1596 2520 1664 dubium.

529 1919 610 1987 11.
663 1923 701 1985 3
752 1944 837 1987 vs.
889 1923 1005 1987 26:
1525 1974 1535 1993 .

438 2027 631 2090 Haud
646 2027 850 2111 maqis
866 2027 1067 2110 cupis,
1085 2046 1278 2111 quam
1300 2046 1409 2112 eqo
1430 2037 1490 2093 te
1510 2030 1810 2112 capia—
1830 2027 1884 2094 0
1896 2037 2036 2095 me'a
2054 2030 2519 2113 opportunitas!

439 2128 701 2198 Versum
746 2143 1026 2196 ruentem
1060 2150 1174 2214 ego
1213 2129 1688 2195 sustentandum
1725 2130 1929 2195 ‘credo
1951 2182 1966 2210 ,
2007 2131 2334 2197 inserendo
2367 2151 2514 2220 pro-

438 2235 691 2300 nomine
728 2257 861 2313 me,
901 2232 1072 2324 quod
1109 2255 1224 2322 per
1269 2233 1640 2298 sententiam
1680 2232 1789 2298 vix
1841 2231 2052 2299 abesse
2092 2246 2320 2323 potest.
2393 2234 2512 2300 Le-

439 2338 712 2424 gendum
766 2340 958 2425 igitur
1002 2337 1212 2404 credo:

436 2445 629 2510 Haud
654 2465 756 2511 me
787 2450 988 2531 maqis
1015 2446 1217 2529 cupis,
1250 2466 1442 2531 quam
1470 2453 1537 2511 ιε’
1560 2465 1671 2529 eqo
1698 2447 1896 2528 cupio.
1938 2482 2025 2493 -—
2044 2444 2254 2511 Ome‘a
2281 2464 2510 2528 oppor-

2229 2552 2465 2616 tunitas
2485 2557 2506 2612 !

522 2856 625 2924 IV.
673 2858 731 2920 3.
794 2853 1016 2922 Tribus
1058 2857 1246 2947 hujus
1290 2880 1507 2923 scenae
1556 2855 1710 2922 locis
1748 2854 2053 2922 medelam
2097 2857 2282 2923 affere
2322 2879 2509 2923 cona-

436 2959 574 3027 bor.
645 2962 723 3027 Et
770 2964 1046 3051 primum
1088 2961 1342 3054 quidem
1391 2964 1454 3027 in
1497 2984 1587 3026 vs.
1633 2965 1705 3039 5,
1739 2958 1850 3025 ubi
1889 2959 2146 3046 legitur:

522 3070 666 3137 Non
710 3070 928 3153 edepol
969 3090 1142 3136 nune
1181 3077 1289 3154 e‘qo
1334 3078 1395 3133 te
1433 3069 1735 3133 mediocri
1779 3074 1980 3131 macto
2022 3066 2370 3150 infor-maio

432 3195 647 3254 neme,
685 3174 793 3267 qui
842 3196 1018 3239 aures
1046 3168 1256 3252 habet,
1296 3192 1421 3235 non
1465 3168 1760 3238 offendet.
1841 3169 2031 3247 Unus,
2067 3166 2239 3258 quod
2277 3167 2501 3246 sciam,

431 3279 692 3348 Bothius
732 3303 1132 3346 numerorum
1170 3280 1561 3370 asperitatem
1595 3276 1791 3345 lenire
1813 3290 2072 3344 conatus
2094 3288 2187 3339 est
2210 3287 2504 3362 transpo-

430 3385 674 3451 nendo:
718 3389 1016 3452 mediocri
1053 3395 1149 3460 te;
1193 3385 1281 3450 sic
1322 3398 1529 3448 autem
1563 3386 1863 3450 mediocri
1881 3375 2276 3469 trisyllabum
2302 3376 2512 3440 facere

432 3490 747 3576 cogimur,
806 3487 978 3582 quod
1035 3510 1161 3552 non
1220 3485 1459 3552 idoneis
1510 3483 1811 3577 exemplis
1867 3481 2245 3551 defenditur.
2340 3478 2501 3547 Vide

434 3595 626 3681 igitur
672 3616 752 3660 an
799 3616 925 3659 non
976 3593 1064 3660 sic
1101 3591 1418 3682 scripserit
1452 3588 1737 3657 Plautus:

521 3701 664 3767 Νόπ
699 3701 916 3783 edepol
950 3718 1059 3784 eqo
1094 3700 1263 3761 πάηο
1304 3698 1604 3761 mediocri
1645 3697 1850 3762 mdeto
1878 3704 1937 3761 te
1972 3693 2323 3780 infortdnio
2344 3736 2360 3767 ‚

518 3804 643 3872 Se'd
685 3822 867 3886 eopse
905 3805 1016 3869 illo
1038 3851 1054 3880 ‚
1103 3804 1220 3886 qao
1256 3808 1533 3866 mactare
1571 3799 1739 3865 soleo
1756 3847 1774 3877 ‚
1821 3801 1971 3884 quoi
2007 3801 2103 3863 m'l
2140 3794 2344 3861 de‘bee.

500 4050 562 4116 s)
600 4053 933 4102 Docbmtacos
972 4052 1118 4111 dico,
1169 4052 1440 4104 brevitatis
1475 4066 1668 4110 causa;
1717 4065 1839 4101 nam
1877 4061 2218 4099 numerorum
2256 4055 2514 4099 naturam

434 4135 476 4182 si
514 4137 743 4197 spectes,
781 4136 982 4186 dicendi
1018 4140 1168 4188 erant
1204 4136 1414 4188 fortasse
1452 4136 1716 4186 bacchiaci
1753 4133 1963 4185 dimetri
2000 4132 2310 4182 catalectici.

2109 4217 2147 4276 3
