3123 5126
1680 568 1763 629 84

667 762 810 828 vide
863 758 1062 826 Bentl.
1119 758 1467 826 Particulae
1510 770 1605 838 et,
1650 769 1766 824 aut
1809 758 1873 822 in
1921 758 2061 823 Mss.
2114 757 2428 823 interdum
2472 756 2740 821 confun-

660 869 918 933 duntur.
977 866 1055 930 cf.
1116 864 1322 932 Bentl.
1388 866 1469 931 ad
1526 867 1671 930 Hor.
1715 865 1840 928 Sat.
1886 864 1961 928 11.
2001 868 2040 928 3
2091 887 2177 930 vs,
2226 865 2372 929 216.
2463 863 2739 929 Pertinet

658 986 866 1037 autem
927 969 1032 1034 hic
1089 993 1303 1037 versus
1360 971 1441 1035 ad
1484 991 1617 1048 eos,
1672 968 1779 1056 qui
1842 969 2085 1033 actione
2125 982 2186 1034 et
2224 969 2741 1059 pronuntiatione

662 1087 841 1141 erant
886 1073 1252 1161 adjuvandi.

1499 1262 1911 1272 ———-——÷----

659 1372 827 1447 Prol.
880 1396 970 1437 vs,
1020 1373 1140 1437 38:

749 1476 1127 1543 Parasitum
1170 1479 1425 1543 edacem
1447 1530 1463 1555 ‚
1515 1481 1856 1562 ylariosam
1894 1481 2183 1545 militem.

659 1580 774 1643 Hic
821 1580 1381 1646 versussententiae
1428 1581 1649 1647 seriem
1694 1581 1949 1648 turbare
1992 1598 2055 1648 et
2111 1603 2510 1673 corrumpere
2562 1580 2738 1647 vide-

662 1698 800 1763 tur;
844 1684 911 1749 id
957 1686 1168 1774 ipsum
1204 1685 1369 1749 enim
1420 1685 1709 1751 Terentio
1754 1684 2065 1774 objecerat
2105 1686 2526 1764 adversarius,
2564 1683 2739 1775 quod

655 1794 934 1873 parasiti
974 1806 1036 1856 et
1086 1794 1309 1857 militis
1352 1812 1685 1880 personam
1730 1815 1767 1856 a
1805 1792 2001 1857 veteri
2045 1798 2234 1882 poeta
2286 1790 2532 1856 furatus
2573 1805 2732 1856 erat.

663 1896 985 1961 Sententia
1031 1898 1118 1960 ita
1163 1893 1479 1960 cohaeret:
1528 1896 1784 1959 Luscius
1831 1895 1990 1960 dixit
2034 1917 2132 1961 me
2176 1896 2435 1986 parasiti
2475 1910 2538 1960 et
2571 1893 2738 1960 mili-

665 1999 747 2063 tis
791 2021 1125 2089 personam
1161 2024 1198 2065 a
1234 1998 1458 2065 Plauto
1504 1998 1865 2080 abstulisse3
1906 1999 2004 2064 fac
2052 1999 2138 2063 ita
2179 2021 2331 2066 esse.
2398 1999 2568 2081 Quid
2601 2014 2738 2065 tum

663 2109 922 2192 postea?
1010 2106 1174 2169 Num
1237 2104 1358 2170 hoc
1417 2105 1579 2170 vitio
1644 2102 1802 2168 mihi
1859 2108 2181 2169 vertetur?
2275 2103 2461 2169 Haud
2519 2102 2739 2169 licebit

666 2210 857 2293 igitur
904 2224 1174 2276 caeteras
1226 2230 1475 2300 quoque
1518 2229 1814 2297 personas
1860 2208 2129 2273 comicas
2174 2230 2211 2271 a
2257 2206 2571 2277 veteribus
2600 2211 2737 2296 jam

665 2328 998 2403 usurpatas
1052 2314 1258 2380 denuo
1305 2314 1631 2392 inducere,
1689 2336 1900 2380 servos
1957 2328 2307 2394 currentes,
2372 2313 2569 2402 bonas
2603 2336 2750 2380 ma·-

667 2435 907 2500 tronaS‚
954 2420 1304 2486 meretrices
1347 2416 1542 2483 malas
1577 2433 1693 2484 etc.
1758 2418 1947 2488 Vides
1983 2420 2194 2509 inepte
2229 2419 2332 2482 hic
2371 2417 2505 2483 fieri
2542 2440 2741 2507 para-

670 2526 770 2591 siti
830 2540 891 2591 et
944 2523 1161 2591 militis
1208 2525 1616 2604 mentionem,
1659 2522 1742 2588 ad
1785 2544 2053 2614 quorum
2090 2521 2447 2614 exemplum
2492 2520 2742 2613 reliqua

669 2631 877 2714 exigit.
971 2631 1252 2697 Offendit
1324 2650 1575 2720 quoque
1644 2627 1937 2693 nonnihil
2014 2651 2310 2694 numerus
2365 2625 2736 2712 singularis,

670 2756 815 2797 cum
853 2755 1098 2812 servm,
1137 2746 1464 2800 matronas
1502 2748 1564 2800 et
1599 2740 1959 2802 meretrices
1993 2733 2229 2825 plurali
2251 2754 2512 2799 numero
2536 2732 2738 2797 dixis-
2810 2804 2830 2812 ,

668 2850 781 2903 set.
846 2838 983 2901 Non
1031 2853 1238 2903 tamen
1284 2837 1485 2902 ausim
1527 2834 1701 2901 hunc
1747 2860 1997 2903 versum
2042 2854 2216 2905 textu
2258 2861 2541 2917 movere,
2584 2860 2734 2902 cum

665 2966 793 3008 non
862 2945 1010 3009 satis
1070 2958 1371 3034 appareat
1425 2940 1852 3032 interpolandi
1910 2966 2131 3025 causa3
2191 2944 2313 3009 nisi
2367 2943 2538 3010 dicas
2598 2942 2737 3006 for-

667 3064 857 3115 tasse.
884 3072 961 3114 ex
1018 3043 1252 3114 Heautss
1301 3046 1462 3138 prol.
1509 3071 1605 3114 vs.
1658 3051 1743 3113 38
1782 3054 2144 3134 parasitum
2185 3054 2438 3116 edacem
2482 3045 2736 3111 desum-

666 3156 812 3220 sisse
858 3153 1216 3233 librarium,
1264 3153 1490 3219 deinde
1531 3175 1608 3218 ex
1652 3152 1773 3218 hoc
1818 3150 2082 3243 prologo
2130 3153 2243 3241 (vs.
2292 3151 2400 3238 31)
2439 3149 2735 3238 adjecisse

663 3263 932 3328 militem
980 3265 1338 3346 qloriosum.
