3123 5126
1254 1179 2159 1285 POENULUS.

667 1596 827 1665 Ptol.
876 1621 964 1664 vs.
1017 1602 1132 1664 53:

933 1706 1399 1774 Carchedonius
1433 1711 1692 1775 voodtwr
1736 1710 1889 1774 haec
1937 1708 2269 1774 Comdedia
2292 1759 2309 1786 ‚

923 1813 1152 1895 Latine
1195 1814 1467 1877 Plautus
1511 1814 1796 1878 Patruus
1835 1814 2407 1896 pultiphaqo'nides.

665 1912 859 1983 Multa
900 1912 1007 1983 hic
1051 1929 1195 1983 sunt
1239 1914 1559 1993 notanda;
1603 1915 1880 2004 primum
1925 1915 2407 1982 constructionis
2468 1913 2754 1981 insolen-

664 2019 753 2086 tia
777 2068 793 2101 ,
848 2042 1035 2111 quam
1080 2018 1187 2084 alii
1226 2022 1596 2108 conjecturis
1636 2018 1851 2087 tollere
1897 2020 2268 2085 studuerunt
2293 2071 2309 2099 ,
2368 2019 2475 2085 alii
2517 2019 2757 2086 Plauto

663 2145 794 2193 non
844 2125 1170 2210 indignam
1209 2124 1597 2205 habuerunt3
1654 2147 1767 2210 ego
1818 2147 1955 2190 eam
1988 2123 2211 2191 Plauto
2257 2141 2414 2216 puto
2458 2149 2592 2192 esse
2643 2127 2756 2193 in'-

666 2226 1104 2311 dignissimam
1135 2231 1632 2316 conjecturarum
1658 2243 1900 2309 autem,
1934 2252 2088 2320 quas
2132 2233 2254 2296 viri
2296 2232 2466 2297 docti
2504 2256 2753 2323 propo-

661 2346 956 2412 suerunt,
995 2330 1172 2398 nulla
1211 2332 1368 2398 mihi
1405 2356 1480 2399 ex
1519 2335 1689 2398 omni
1740 2349 1918 2425 parte
1956 2334 2277 2425 probatur.
2348 2337 2517 2419 Quid
2557 2336 2754 2403 Plau-

663 2450 762 2502 tus
808 2438 1153 2528 scripserit,
1211 2440 1285 2528 (si
1341 2453 1546 2503 tamen
1587 2436 1740 2503 haec
1777 2437 1981 2502 Plauti
2022 2439 2189 2529 sunt)
2238 2440 2527 2507 divinatu
2571 2441 2752 2507 diffi-

662 2540 781 2608 cile
847 2556 939 2608 est
962 2593 978 2621 ,
1035 2565 1237 2634 neque
1297 2542 1553 2609 fortasse
1616 2545 1747 2610 sine
1792 2545 2351 2636 Manuscriptorum
2405 2545 2747 2614 meliorum

661 2646 897 2714 auxilio
937 2671 1234 2738 umquam
1264 2647 1592 2714 constabit.
1680 2651 1810 2737 Ego
1857 2647 2100 2739 aliquid
2136 2649 2418 2715 desidero
2456 2651 2522 2715 in
2570 2649 2742 2715 hanc

659 2752 787 2818 fere
834 2753 1232 2818 sententiam:

970 2858 1432 2924 Carohddonius
1475 2861 1732 2925 voca'tur
1775 2862 1928 2924 haec
1974 2860 2312 2925 Comoedia

969 2965 1205 3029 Graece‘
1223 3012 1240 3039 ‚
1289 2965 1520 3030 Latine
1563 2966 1847 3030 Pa'truus
1882 2965 2455 3047 pultiphaqo'nideS.

657 3065 735 3131 cf.
802 3065 1001 3130 Bentl.
1069 3066 1151 3130 ad
1213 3067 1460 3134 Phorm.
1518 3067 1681 3159 prol.
1727 3091 1817 3133 vs.
1880 3071 1980 3133 26.
2073 3066 2308 3131 Deinde
2381 3065 2734 3140 molestiam

657 3173 892 3237 creavit
943 3170 1161 3238 vocab.
1199 3177 1783 3260 pultiphaqonides,
1830 3172 2336 3240 dissentientibus
2389 3175 2541 3238 viris
2590 3174 2737 3239 doc-

578 3298 582 3306 ·
649 3280 764 3359 tis,
823 3293 1035 3344 utrum
1093 3282 1410 3346 Romanus
1450 3279 1836 3366 intelligatur
1889 3304 1966 3345 an
2026 3281 2283 3345 Poenus.
2338 3279 2620 3369 Denique
2664 3281 2729 3343 in

656 3385 897 3477 duplici
940 3384 1053 3477 illo
1094 3384 1343 3451 fabulae
1380 3386 1633 3452 nomine
1693 3387 2045 3476 (Poenulus
2086 3400 2147 3451 et
2207 3387 2493 3451 Patruus·
2537 3388 2737 3468 pulti-

644 3488 1058 3577 phaqonides)
1114 3489 1376 3568 haere03
1417 3512 1617 3580 neque
1662 3490 1830 3554 enim
1876 3489 2099 3569 credo,
2146 3488 2214 3553 id
2265 3490 2456 3554 moris
2492 3488 2723 3566 fuisse,

651 3609 725 3659 ut
779 3594 1020 3685 duplici
1069 3595 1320 3659 nomine
1370 3588 1618 3659 fabulae
1674 3592 2174 3660 inscriberentur.
2265 3595 2423 3660 Fieri
2473 3608 2679 3683 potest
2707 3643 2725 3671 ,

652 3715 723 3764 ut
782 3701 1017 3765 Graeca
1073 3698 1403 3780 ¹comoedia
1449 3696 1545 3763 bis
1592 3699 1657 3761 in
1703 3696 1970 3763 latinum
2024 3721 2368 3764 sermonem
2426 3719 2724 3762 conversa

647 3805 865 3882 suerit,
911 3802 1331 3893 indideritque
1370 3801 1629 3868 Plautus
1664 3826 1809 3868 suae
1836 3803 2110 3868 versioni
2148 3806 2423 3869 Poenuli
2462 3823 2717 3885 nomen,

647 3904 802 3972 alter
843 3920 1029 3996 poeta
1087 3928 1260 3971 suam
1316 3904 1597 3971 fabulam
1648 3897 1966 3973 Pa'truum
2004 3910 2587 3992 pultiphaqonidem
2627 3905 2720 3967 in-

646 4010 996 4100 scripserit3
1043 4023 1208 4076 certe
1272 4009 1374 4076 hic
1423 4012 1721 4101 prologus
1753 4064 1769 4091 ,
1833 4012 1952 4077 nisi
2016 4012 2096 4077 sit
2163 4011 2660 4100 corruptissimus
2693 4058 2708 4088 ‚
