3123 5126
1643 560 1726 621 34

626 753 896 821 numeris
933 752 1329 818 suavissimis.
1411 752 1664 818 Dixerat
1699 749 2284 841 Therapontigonus
2320 772 2408 816 vs.
2463 754 2494 814 1
2543 764 2605 816 et
2652 754 2692 815 2

712 858 857 924 Νόπ
895 878 1004 942 eqo
1046 877 1220 923 nano
1252 859 1551 925 mediocri
1594 862 1813 924 incedo
1856 860 2063 925 iratas
2105 861 2439 925 iracundia
2459 906 2477 936 ,
2633 905 2639 914 1

708 962 832 1028 Se'd
850 983 1037 1046 eapse
1055 966 1171 1028 illa
1192 1015 1208 1040 ,
1247 976 1383 1047 qua*
1396 965 1786 1028 o'oeoidionom
1808 964 2021 1049 facore
2046 967 2358 1029 condidici
2378 964 2646 1047 oppidis.

622 1068 904 1132 Gratiam
953 1082 1014 1132 et
1038 1070 1255 1154 jocum
1297 1081 1589 1157 captatur
1631 1070 1816 1156 Lyce,
1859 1068 2164 1132 imitando
2211 1083 2345 1132 tum
2385 1070 2521 1157 ipsa
2571 1068 2697 1132 mi-

623 1174 752 1241 litis
800 1172 993 1239 verba
1043 1187 1178 1236 tum
1222 1172 1558 1239 verborum
1616 1175 1802 1240 etiam
1847 1173 2161 1239 ordinem:
2219 1173 2443 1259 Pergit.
2463 1170 2698 1237 Thera-

622 1281 1033 1371 pontigonus:

709 1386 817 1452 Ne'
844 1395 904 1450 te
939 1384 1098 1448 mihi
1131 1384 1337 1469 facias
1379 1386 1679 1469 ferocem,
1723 1394 1839 1450 aut
1880 1387 2233 1468 sapplioare
2264 1393 2522 1452 oe'aseas
2542 1435 2559 1465 ‚

622 1489 734 1555 ubi
774 1505 992 1555 contra
1036 1502 1328 1553 naturam
1372 1503 1436 1554 et
1475 1511 1689 1553 sanam
1738 1490 2045 1554 rationem
2085 1479 2167 1553 ad
2210 1494 2565 1574 supplicare
2603 1490 2700 1553 in-

622 1592 900 1679 telligere
930 1591 1231 1680 jubemur
1290 1616 1395 1661 mo
1449 1596 1579 1661 tibi.
1667 1594 2022 1679 Legendum
2080 1607 2141 1658 et
2185 1592 2700 1678 distinguendum

622 1700 881 1764 fortasse
926 1698 1047 1764 hoc
1093 1699 1312 1765 modo:

620 1808 727 1871 Lr.
773 1810 878 1873 Νό
889 1810 1051 1873 mihi
1071 1818 1131 1873 te
1148 1809 1353 1894 facias
1376 1808 1675 1892 ferocem.
1730 1806 1846 1869 Tu.
1890 1805 1989 1870 An
2022 1806 2378 1888 supplicare
2399 1809 2701 1869 censeas?

627 1915 674 1975 i.
722 1930 778 1975 e.
840 1932 919 1976 an
984 1924 1057 1973 tu
1102 1907 1260 1974 mihi
1313 1911 1394 1974 sis
1443 1924 1696 1989 auctor,
1753 1923 1824 1973 ut
1863 1907 1980 1973 tibi
2021 1904 2289 1998 supplex
2331 1907 2499 1972 sim?
2535 1928 2699 1997 quae

623 2013 818 2079 verba
864 2020 1164 2096 εἰρωνικῶς
1205 2033 1333 2077 esse
1388 2013 1863 2102 pronuntianda
1922 2026 2200 2102 apparet.
2241 2013 2482 2078 Tertius
2518 2006 2698 2078 locus

626 2118 749 2207 (vs.
797 2120 902 2205 13)
954 2140 1031 2183 ex
1072 2116 1333 2205 vulgata
1370 2115 1637 2183 lectione
1680 2119 1767 2183 ita
1812 2140 1876 2183 se
1912 2116 2125 2184 habet:

626 2226 752 2306 Qui
766 2228 884 2291 has
901 2226 1165 2290 tabellas
1181 2226 1543 2310 obsiqnatas
1566 2228 1781 2290 attulit
1797 2224 1912 2288 Tu.
1940 2225 2115 2305 Quas
2140 2236 2209 2292 ta
2227 2227 2388 2291 mihi
2407 2226 2657 2290 tabulas
2679 2272 2696 2302 ‚

633 2331 804 2411 Quor
833 2340 902 2396 ta
932 2333 1095 2395 mihi
1116 2332 1320 2396 lasoo's
1350 2331 1649 2403 libertos-7
1685 2334 1840 2416 quos
1859 2331 2248 2398 Summanos
2269 2332 2552 2397 somnias
2571 2339 2598 2393 7

628 2459 897 2528 quorum
986 2436 1259 2526 priorem
1315 2436 1602 2523 spurium
1651 2434 1843 2501 habet
1902 2437 2213 2517 Weisius3
2272 2448 2333 2500 et
2404 2455 2568 2512 sane,
2645 2432 2698 2497 si

627 2543 898 2624 abesset,
961 2563 1145 2607 nemo
1205 2538 1581 2606 desideraret
1592 2565 1610 2621 3
1674 2562 1894 2607 verum
1955 2555 2161 2607 tamen'
2180 2592 2196 2621 ,
2250 2563 2394 2606 cum
2439 2561 2567 2604 non
2605 2561 2703 2606 re-

628 2650 867 2739 periam
888 2698 904 2726 ,
953 2646 1077 2737 qna
1137 2666 1323 2710 causa
1366 2644 1574 2735 quave
1623 2646 1864 2711 ratione
1920 2647 2165 2711 inducti
2226 2645 2396 2710 hunc
2449 2668 2699 2711 versum

626 2754 871 2823 librarii
908 2749 1274 2814 intruserint
1292 2799 1308 2828 ,
1352 2769 1481 2834 non
1529 2763 1756 2815 temere
1801 2751 2098 2838 ejecerim.
2191 2751 2273 2815 At
2312 2751 2508 2830 enim,
2563 2750 2700 2839 ipse

628 2877 844 2928 versus
879 2855 1046 2922 ultra
1066 2856 1362 2921 terminos
1398 2877 1668 2940 evagans
1689 2906 1705 2935 ,
1742 2857 2143 2947 impostorem
2183 2859 2403 2943 arguit.
2450 2858 2699 2942 Corrige

629 2965 850 3052 igitur:
901 2964 1083 3052 (quae
1122 2962 1186 3025 in
1224 2975 1482 3053 promtu
1516 2977 1610 3027 est
1651 2962 2031 3043 emendatio,
2062 2985 2258 3054 eaque
2294 2961 2653 3050 facillima):

721 3072 848 3152 Qai
898 3070 1016 3134 has
1065 3070 1329 3135 tabellas
1383 3069 1744 3153 obsiqnatas
1792 3070 2023 3134 attulit.
2068 3068 2186 3131 Tu.
2232 3069 2406 3149 Quas
2436 3073 2505 3133 ta
2541 3070 2705 3133 mihi

651 3206 659 3213 ·
719 3176 971 3240 tabulas
995 3223 1011 3252 ,
1051 3193 1206 3258 quos
1226 3176 1430 3240 luscos
1460 3175 1734 3250 libertos,
1793 3179 1948 3257 qaos
1970 3173 2359 3239 Summanos
2378 3175 2699 3238 samaias?

632 3295 943 3347 caeterum
983 3278 1064 3342 ad
1105 3276 1274 3342 hunc
1323 3277 1532 3344 locum
1577 3281 1844 3370 respexit
1886 3280 2163 3343 Donatus
2230 3276 2336 3368 (ad
2379 3278 2517 3343 Ter.
2569 3276 2694 3343 Ad.

631 3389 703 3455 V.
745 3391 780 3451 7
814 3411 910 3453 vs.
957 3385 1022 3475 9)
1069 3384 1360 3450 mendose
1402 3384 1631 3449 citans:
1677 3405 1832 3469 qaas
1854 3394 1924 3449 ta
1944 3386 2106 3451 mihi
2120 3386 2438 3467 parasitos
2464 3386 2693 3461 luscos,

632 3514 790 3579 quos
824 3512 1195 3562 summanos
1244 3493 1528 3556 somnias
1543 3493 1573 3550 '2
