3123 5126
1367 610 1494 679 49'

371 810 602 876 Totum
639 807 809 873 hunc
846 830 1091 875 versum
1123 805 1515 875 Callidamati
1553 806 1952 914 tribuendum
1966 831 2096 877 esse
2127 811 2443 893 existimo,

376 920 577 1004 ejecto
620 912 813 980 verbo
861 918 988 980 ico:

375 1020 528 1105 A‘qe
590 1023 765 1087 mitte
816 1023 986 1099 ista,
1050 1028 1113 1087 et
1171 1024 1256 1086 a'd
1319 1043 1422 1089 me
1473 1024 1561 1086 ad
1618 1042 1882 1088 coenam
1936 1023 2037 1087 dic
2076 1031 2440 1087 venturum

2034 1127 2203 1207 Quid
2243 1136 2447 1192 taces?

375 1230 574 1295 Servo
636 1227 933 1293 Tranioni
993 1250 1119 1300 non
1171 1244 1334 1295 recte
1396 1229 1662 1311 dantur,
1728 1230 1963 1321 quippe
2021 1229 2163 1320 qui,
2211 1230 2442 1295 auditis

374 1332 502 1401 illis
542 1332 680 1400 heri
729 1334 968 1402 verbis:
1015 1356 1124 1420 eqo
1153 1339 1366 1422 ferare
1400 1340 1556 1423 famo
1608 1347 1682 1402 ut
1720 1339 2011 1401 meruisti
2048 1340 2119 1401 in
2167 1355 2449 1413 crucem,

372 1461 525 1529 prae
561 1452 732 1503 metu
770 1439 981 1503 statim
1022 1440 1087 1502 in
1121 1461 1290 1502 aram
1327 1439 1712 1524 confugerit,
1756 1460 1870 1503 nec
1899 1436 2158 1503 verbum
2197 1439 2451 1504 muttire

374 1565 594 1622 ausuS,
647 1543 1015 1633 priusquam
1076 1564 1248 1608 aram
1319 1544 1693 1629 contigisset.
1787 1543 2048 1611 Versum
2108 1557 2314 1609 autem
2360 1547 2443 1609 10

374 1647 687 1731 integrum
728 1645 1025 1711 Tranioni
1071 1645 1327 1712 reddere
1363 1646 1588 1738 placet.
1648 1643 1816 1713 Infra
1855 1667 1944 1711 vs,
1996 1645 2076 1710 44
2114 1644 2447 1732 legendum

377 1749 670 1815 fortasse:

374 1856 476 1922 CA.
523 1857 853 1940 Dispudet.
899 1853 1008 1920 Ta.
1046 1856 1215 1922 dedic
1233 1858 1346 1923 isti
1366 1858 1653 1924 veniam:
1672 1861 1827 1943 quid
1848 1880 1951 1924 me
1963 1861 2083 1945 fiet
2097 1860 2267 1923 nano
2284 1862 2448 1922 iam?

378 1960 488 2026 uhi
530 1958 876 2050 interposui
921 1957 1087 2024 verb.
1121 1962 1321 2040 dedit,
1365 1960 1538 2052 quod
1592 1960 1925 2026 videbatur
1955 1960 2272 2026 excidisse.

1107 2163 1631 2172 ..mmm-..—

391 2275 461 2344 V.
512 2276 551 2340 2
597 2296 689 2341 vs.
737 2280 846 2340 55:

380 2382 566 2448 ΙΙάηο
608 2385 791 2448 modo
816 2399 1019 2447 unam
1039 2377 1345 2451 nomiam;
1395 2394 1598 2440 unam
1614 2423 1630 2453 ‚
1656 2379 1910 2459 quaeso,
1936 2374 2041 2463 fao
2064 2376 2259 2444 causti
2286 2397 2446 2444 mea.

380 2486 583 2551 oratio
620 2486 1015 2575 imperfecta,
1050 2504 1262 2549 sensus
1302 2477 1532 2547 nullus.
1624 2478 1885 2546 Bothius
1927 2484 2205 2574 scripsit:

381 2592 566 2656 Hanc
604 2594 787 2656 modo
823 2611 1021 2656 unam
1058 2594 1267 2656 πόωαθ
1296 2591 1551 2654 veniam
1590 2590 1822 2672 qudeso
1850 2589 1955 2673 fao
1991 2589 2188 2654 causa'
2218 2607 2384 2653 mea.

384 2697 538 2763 Mira
601 2693 866 2761 locutio!
935 2696 1287 2778 Quamnam
1341 2692 1534 2778 igitur
1580 2689 1878 2758 veniam?
1932 2707 2039 2759 aut
2088 2716 2247 2784 quae
2292 2691 2450 2761 aliae

385 2800 828 2888 intelligendae
865 2816 1010 2868 sunt
1047 2801 1315 2867 veniae?
1351 2799 1505 2864 dicit
1544 2799 1741 2865 enim:
1783 2816 1944 2864 nme
1978 2816 2144 2863 mnu
2180 2805 2449 2868 veniam.

383 2906 630 2986 Malim:

385 3015 567 3077 Hdnc
609 3014 792 3076 modo
823 3014 1089 3077 missam
1127 3011 1390 3074 Mariam
1425 3029 1627 3073 anam
1661 3013 1892 3092 quaeso
1930 3012 2036 3095 sao
2066 3011 2264 3075 causei
2291 3028 2449 3075 met&

383 3119 598 3194 Hanc,
639 3133 828 3204 quam
863 3113 1266 3192 commeruit3
1312 3134 1543 3192 unam,
1579 3135 1726 3177 nam
1768 3134 1896 3178 non
1936 3113 2077 3179 vult
2116 3109 2453 3204 implorare

387 3220 636 3285 veniam
680 3216 976 3298 aliarum,
1018 3241 1174 3310 quae
1212 3233 1428 3309 postea
1469 3218 1726 3285 fortasse
1769 3242 1804 3284 a
1840 3242 2019 3286 servo
2064 3221 2455 3287 committen-

389 3340 509 3391 tur.
600 3324 827 3415 Aperte
859 3321 984 3389 hoc
1011 3321 1286 3388 declarat
1324 3345 1537 3388 servus
1575 3323 1642 3387 in
1691 3347 1877 3390 versu
1920 3345 2079 3414 seq.:

390 3431 561 3512 Quid
603 3432 925 3514 qravaris?
976 3430 1162 3515 quasi
1219 3450 1350 3495 non
1409 3450 1552 3497 cras
1604 3433 1753 3517 jam
1793 3434 2210 3498 odmmoream
2260 3434 2459 3498 aliam

2131 3539 2408 3602 ‘mimium
2431 3561 2453 3600 .-

387 3641 518 3707 I‘In‘
555 3649 625 3705 tu
661 3649 1002 3725 utrumque
1026 3688 1042 3716 ,
1087 3648 1149 3703 et
1182 3639 1293 3703 Ιιόσ
1329 3647 1392 3702 ot
1425 3639 1588 3702 illud
1608 3686 1625 3715 ‚
1667 3641 1903 3720 pdteris
1943 3642 2160 3705 ulcisci
2191 3643 2406 3722 probe.

388 3747 660 3811 Missam
697 3746 908 3830 facere
949 3744 1209 3808 nomiam
1248 3739 1412 3804 idem
1455 3753 1545 3805 est
1578 3740 1751 3829 quod
1792 3764 1980 3831 supra
2022 3765 2112 3808 vs,
2142 3745 2221 3807 47
2267 3743 2453 3810 dixit:

330 3899 351 3913 .
390 3851 656 3914 nomiam
693 3852 1029 3916 remittere.
1077 3846 1160 3910 cf.
1215 3845 1388 3909 Trin.
1439 3844 1516 3912 V.
1569 3848 1607 3907 2
1647 3867 1738 3910 vs,
1792 3849 1904 3911 44:

480 3951 556 4018 Si
597 3958 747 4040 quid
791 3958 980 4023 stulte
1017 3954 1191 4039 sevit,
1228 3960 1301 4017 ut
1348 3971 1425 4016 ea
1463 3952 1665 4016 missa
1701 3953 1904 4036 facias
1946 3955 2184 4018 «inania.

1084 4140 1119 4144 m
1194 4139 1311 4146 -.---.---Ἰ
1340 4138 1754 4147 n-o-ff-W-

2071 4243 2104 4300 4
2199 4313 2202 4322 ι
