3123 5126
1263 1250 2137 1349 EPIDICIJS.

739 1683 814 1748 11.
866 1686 904 1747 2
951 1705 1040 1748 vs.
1090 1686 1209 1748 97:

902 1790 1055 1853 Jdm
1099 1793 1290 1873 ἐρέται·
1335 1801 1548 1856 amota
1593 1794 1655 1856 ei
1698 1793 1819 1857 erit
1858 1792 2067 1858 omnis
2108 1788 2478 1854 consultatio

899 1898 1283 1979 nuptiarum.

652 1996 1095 2064 Taubmannus
1150 1998 1230 2063 ad
1274 1995 1338 2063 h.
1381 1997 1421 2064 l.
1472 2023 1511 2063 ·«
1526 1997 1652 2064 Alii
1707 1997 1888 2064 aliter
1939 1999 2146 2064 versui
2192 1998 2550 2066 consulunt:
2598 1998 2720 2064 Sed

661 2101 1060 2192 «simplicius
1101 2103 1353 2168 videtur
1388 2104 1687 2170 excidisse
1737 2126 1957 2169 vocem
2004 2102 2293 2185 similem,
2345 2109 2466 2172 erit
2514 2108 2725 2171 omnis

662 2212 930 2274 «omnis
963 2208 1396 2285 consultatio.”
1467 2207 1910 2274 Taubmannus
1953 2207 2243 2274 omnibus
2287 2208 2570 2275 versibus
2612 2209 2728 2273 im-

652 2313 943 2403 perfectis
984 2336 1175 2379 unam
1212 2336 1453 2403 semper
1490 2313 1749 2379 adhibet
1789 2313 2192 2393 medicinam,
2213 2327 2306 2377 xut
2342 2310 2725 2378 vocabulum

650 2418 914 2510 aliquod
954 2417 1050 2484 bis
1081 2416 1349 2498 scribat,
1382 2417 1485 2484 vel
1528 2433 1622 2485 ter
1661 2420 1852 2499 ade0,
1896 2420 1948 2484 si
1985 2441 2144 2508 opus
2184 2432 2291 2482 est.
2337 2419 2460 2483 Sed
2496 2417 2727 2485 vellem

642 2523 987 2596 ‚indicasset
1026 2524 1265 2614 potius,
1309 2522 1535 2615 quibus
1573 2526 1764 2612 igitur
1801 2521 2148 2591 rationibus
2190 2521 2297 2589 alii
2331 2525 2539 2591 versui
2578 2546 2729 2591 con·-

652 2625 890 2693 sultum
942 2625 1290 2709 voluerint3
1347 2631 1605 2695 fortasse
1659 2629 1817 2696 mihi
1866 2629 2109 2693 fecisset
2168 2628 2401 2707 otium,
2465 2650 2544 2693 ne
2593 2628 2726 2717 ipse

656 2750 1051 2822 quaererem3
1094 2753 1241 2795 nam
1288 2732 1459 2820 quod
1503 2746 1740 2796 veteres
1782 2729 2016 2797 habent
2042 2733 2190 2817 jam
2236 2743 2385 2798 tuno
2425 2735 2617 2816 ἱρέων
2659 2730 2729 2795 id

657 2834 814 2900 haut
852 2834 1169 2900 satisfacit.
1259 2836 1458 2921 Igitur
1497 2837 1820 2927 quaerenti
1858 2834 2012 2900 haec
2051 2833 2208 2899 mihi
2271 2833 2569 2900 facillima
2623 2857 2727 2900 oc-

657 2937 948 3005 currebat
1000 2961 1212 3004 versus
1250 2936 1552 3005 fulciendi
1595 2940 1791 3018 ratic,
1831 2954 1903 3004 ut
1945 2935 2308 3004 scriberem:

832 3046 985 3109 Jam
1030 3046 1221 3127 iqitur
1264 3048 1476 3111 amata
1520 3051 1584 3112 ei
1621 3048 1823 3133 fuerit
1861 3046 2069 3110 dmm‘s
2115 3044 2490 3111 consultatio

834 3150 1224 3232 nuptiarum.

659 3460 742 3524 ΙΙ.
794 3464 835 3524 3
881 3482 971 3525 vs.
1026 3464 1091 3524 l:

838 3567 1109 3633 Nullum
1153 3574 1290 3632 essse
1331 3569 1555 3651 opinor
1598 3573 1705 3650 e'yo
1749 3586 1976 3650 aqmm
2019 3570 2090 3632 in
2134 3569 2283 3652 dqro
2329 3567 2548 3633 Attico,

661 3671 849 3736 Miror
887 3672 1251 3761 interpretes
1295 3670 1464 3735 hunc
1512 3679 1765 3737 versum
1809 3667 2051 3751 tulisse,
2096 3673 2207 3764 qui
2242 3693 2321 3735 ne
2354 3693 2567 3735 versus
2591 3669 2729 3761 qui-

664 3776 805 3842 dem
838 3777 1139 3843 dicendus
1178 3792 1304 3856 est,
1343 3799 1470 3842 non
1510 3777 1700 3842 modo
1740 3791 2030 3896 propter
2039 3777 2495 3843 durissimum'
2477 3799 2541 3839 1n
2572 3773 2731 3840 ulti-

661 3883 780 3948 mis
826 3881 1035 3947 verbis
1079 3881 1353 3962 hiatum,
1409 3882 1517 3948 sed
1561 3883 1749 3947 etiam
1794 3883 1942 3972 quia
1987 3904 2213 3971 ayrum
2256 3895 2317 3945 et
2361 3868 2511 3965 ἇρνο
2546 3880 2729 3964 juxta

661 4009 728 4053 se
780 4000 1105 4077 ponuntur
1123 4037 1140 4066 ,
1201 3985 1446 4054 diversa
1501 3986 1736 4075 prioris
1774 3983 2052 4075 syllabae
2101 3984 2461 4076 quantitate.
2533 3984 2728 4075 Atqui

663 4089 921 4158 Plautus
978 4116 1321 4183 numquam
1368 4093 1641 4182 priorem
1684 4091 2019 4182 produxit,
2072 4102 2361 4156 monente
2393 4091 2529 4176 jam
2569 4091 2728 4155 Her-
