3123 5126
1663 529 1747 592 88

662 716 769 786 ΠΙ.
819 723 847 784 l
901 743 996 788 vs.
1052 725 1136 788 72
1182 744 1273 814 sq.

843 828 1167 909 Quantam
1196 829 1285 896 eii
1305 826 1659 912 fenestram
1674 828 1760 891 ad
1778 828 2129 911 nequitiam
2144 826 2565 912 patefeceris
2578 836 2614 891 ‚⁹

845 935 989 1000 Tibi
1028 939 1241 1001 antem
1272 953 1462 1018 porro
1499 944 1575 999 nt
1615 935 1747 999 nen
1780 936 1868 999 sit
1904 953 2102 998 saave
2139 932 2356 998 vivere
2375 956 2401 997 .·

839 1056 996 1101 nam
1033 1041 1371 1104 deteriores
1402 1041 1623 1104 omnes
1662 1057 1889 1102 samus
1940 1039 2209 1103 lieentia.

662 1137 736 1202 ln
799 1160 986 1205 versu
1045 1140 1254 1231 primo
1300 1138 1619 1228 Bentlejus
1664 1139 1926 1206 inseruit
1977 1161 2157 1230 pron.
2206 1143 2292 1207 eii
2306 1167 2330 1216 ;
2406 1142 2801 1227 fenestram

662 1255 983 1310 contracte
1026 1243 1480 1336 pronuntiabat
1528 1248 1831 1331 sestram,
1877 1256 1948 1307 ut
1989 1264 2231 1333 semper
2274 1239 2586 1309 Plautus.
2665 1243 2796 1308 Sed

663 1369 792 1413 non
842 1349 1030 1415 credo
1087 1361 1462 1416 correctores
1503 1347 1713 1413 versui
1747 1347 2036 1412 timentes
2080 1348 2329 1432 ejecisse
2377 1350 2519 1427 θεῖς
2580 1347 2797 1437 scrip·-

662 1453 886 1520 sissent
912 1456 1125 1545 potius
1154 1460 1218 1523 ei
1250 1476 1372 1519 una
1397 1450 1672 1542 syllaba:
1707 1466 1769 1516 et
1807 1450 1893 1515 ita
1936 1470 2184 1541 quoque
2213 1447 2562 1514 Terentius
2583 1448 2797 1540 scrip-a

661 1558 813 1623 sisse
874 1571 1123 1650 potest3
1189 1580 1336 1623 nam
1392 1554 1540 1621 licet
1589 1551 1847 1619 Plautus
1902 1566 1998 1619 ter
2059 1553 2490 1635 contraxerit,
2559 1555 2788 1645 potuit

664 1675 873 1727 tamen
933 1663 1256 1729 Terentius
1300 1659 1646 1746 legitimam
1696 1659 1869 1751 sequi
1916 1660 2556 1749 pronuntiationem3
2610 1657 2783 1726 illud

656 1769 927 1855 festu-am
954 1766 1059 1834 vel
1087 1773 1440 1857 sensti-am,
1479 1766 1740 1831 fortasse
1771 1762 1977 1854 plebis
2005 1766 2127 1831 fuit
2159 1766 2356 1852 magis
2407 1789 2623 1858 quam
2664 1766 2786 1832 ho-

663 1873 1008 1939 nestiorum
1045 1873 1298 1938 civium.
1387 1870 1511 1937 Sed
1549 1868 1671 1934 hoc
1714 1870 2008 1936 incertius
2055 1884 2163 1937 est.
2224 1873 2518 1961 Sequens
2558 1886 2776 1939 autem

664 1996 882 2042 versus
909 1974 1074 2042 male
1109 1998 1208 2041 me
1238 1973 1444 2042 habet.
1534 1972 1852 2040 Particula
1905 1986 1980 2042 nt
2017 1973 2079 2040 h.
2124 1972 2166 2039 l.
2202 1971 2367 2039 nihil
2410 1973 2608 2041 aliud
2647 1994 2782 2041 esse

664 2095 907 2172 potest,
971 2104 1160 2173 quam
1200 2080 1565 2168 conjunctio
1615 2077 1884 2146 causalis
1936 2100 2055 2169 pro
2109 2082 2202 2145 ita
2244 2090 2353 2160 αις
2404 2081 2504 2145 sic
2559 2094 2774 2146 tamen

662 2186 979 2277 explicare
1010 2210 1257 2279 nequeo
1288 2183 1451 2252 illud
1492 2194 1724 2251 antem.
1771 2185 2023 2250 Dixerat
2061 2208 2175 2275 per
2195 2185 2775 2252 exclamationem:

669 2292 994 2371 Quantam
1036 2297 1100 2359 ei
1130 2295 1482 2379 fenestram
1529 2293 1941 2377 patefeceris!
2002 2291 2482 2380 Exspectaveris
2544 2291 2771 2357 eodem

664 2395 856 2460 modo
895 2396 1110 2485 pergi:
1157 2396 1272 2462 tibi
1324 2404 1540 2460 antem
1574 2412 1765 2477 porro
1803 2396 1934 2458 vita
1971 2414 2167 2478 qaam
2214 2406 2442 2461 manet
2480 2399 2770 2462 misera!

667 2496 773 2563 vel
816 2497 1020 2566 simile
1071 2497 1246 2589 quid.
1333 2495 1540 2562 Nolim
1577 2511 1784 2561 tamen
1826 2494 1933 2562 hic
1982 2495 2282 2563 scribere:
2354 2500 2507 2567 Tibi
2546 2504 2768 2567 autem

661 2624 852 2689 porro
910 2613 987 2669 at
1038 2607 1168 2670 nan
1211 2608 1332 2669 erit
1385 2624 1585 2668 suave
1625 2605 1881 2668 vivere!
1974 2601 2132 2666 Nam
2168 2602 2259 2666 sic
2297 2600 2572 2668 mirifice
2619 2600 2766 2667 lan-

665 2720 814 2790 guet
865 2704 1029 2769 illud
1099 2726 1461 2772 non-suave
1522 2727 1641 2795 pro
1693 2708 2025 2783 miseram,
2101 2707 2259 2774 Vide
2307 2706 2502 2772 etiam
2570 2727 2763 2797 quam

666 2825 839 2876 arcte
891 2809 1265 2876 cohaereant
1303 2833 1395 2876 vs.
1442 2810 1685 2900 primus
1727 2822 1788 2874 et
1824 2810 2042 2876 tertius
2071 2861 2087 2891 ,
2135 2833 2406 2902 quorum
2456 2809 2570 2875 hic
2606 2832 2763 2875 cau-

669 2937 803 2981 sam
855 2913 1029 2982 illius
1083 2917 1362 3014 eontinet
1423 2929 1486 2979 et
1529 2912 2031 3005 explicationem.
2122 2918 2504 3007 Interposito
2546 2930 2756 2981 autem

665 3043 855 3087 versu
917 3021 1156 3101 medio,
1216 3018 1528 3111 particula
1580 3016 1691 3084 illa
1754 3016 2021 3086 causalis
2061 3019 2260 3109 (nam)
2327 3043 2457 3086 non
2529 3021 2756 3100 hahet,

669 3147 799 3215 quo
837 3141 982 3217 apte
1040 3127 1355 3192 referatur.
1427 3125 1710 3211 Denique
1743 3124 1809 3188 in
1848 3147 1946 3189 ve.
2002 3127 2081 3189 77
2127 3125 2379 3191 demum
2420 3149 2457 3190 a
2494 3125 2633 3195 filio
2672 3125 2755 3189 ad

669 3241 916 3318 patrem
961 3232 1186 3296 transit
1229 3227 1446 3296 oratio.
1539 3228 1808 3297 Videant
1862 3229 2056 3314 igitur
2106 3226 2252 3310 alii,
2285 3243 2500 3296 utrum
2537 3252 2750 3297 versus

672 3335 827 3402 iste:
892 3338 1006 3402 tibi
1061 3345 1275 3402 autem
1344 3347 1437 3401 eto
1482 3332 1788 3400 delendus
1829 3334 1912 3400 sit
1954 3333 2269 3426 (equidem
2310 3333 2535 3402 lubens
2580 3335 2749 3402 dele·
2807 3363 2818 3374 ·

668 3438 921 3528 verim),
986 3462 1065 3504 an
1125 3443 1485 3528 conjectura
1543 3439 1875 3514 sanandus.
1965 3441 2106 3505 Mox
2144 3463 2234 3506 vs.
2285 3444 2365 3505 77
2413 3439 2745 3528 legendum

668 3543 951 3609 videtur:
1004 3547 1102 3610 Τιι
1143 3556 1206 3610 et
1235 3553 1369 3610 re'm
1420 3549 1634 3628 perire
1665 3555 1729 3610 et
1768 3548 1980 3628 ipsam
2017 3566 2150 3611 non
2177 3550 2419 3630 poteris
2440 3552 2598 3631 pati.

1469 3747 1948 3756 *mum-—

671 3853 776 3920 lv.
825 3857 866 3916 3
915 3876 1002 3920 vs.
1056 3857 1176 3920 44:

664 3958 816 4042 A‘qe
854 3981 1002 4045 αρε,
1040 3966 1408 4029 traducatur
1440 3965 1718 4029 Bacchis.
1744 3965 1839 4028 SY.
1883 3964 2154 4048 Optume
2172 4012 2186 4040 ,
2231 3967 2369 4048 ipsa
2394 3966 2528 4029 emit
2546 3964 2733 4048 foras,

664 4063 736 4128 ln
794 4067 941 4131 meis
1001 4067 1382 4134 editionibus
1448 4068 1740 4134 omnibus
1790 4070 2196 4156 distinguitur
2248 4082 2393 4157 post
2449 4077 2732 4154 optumo?
