3123 5126
1315 599 1396 661 69

388 794 574 859 Nunc
623 811 733 878 eqo
788 794 934 857 nolo
994 799 1055 856 te
1085 799 1129 856 θ’
1169 791 1482 856 Gelasimo
1537 778 2054 874 cataqelasimum
2091 791 2269 875 fieri.

302 894 563 964 Versum
609 909 964 987 sequentem
997 892 1220 961 leniori
1267 894 1539 960 remedio
1569 918 1784 961 curare
1813 896 2047 985 possis,
2080 892 2374 980 legendo:

385 1003 623 1070 ,Iamno
651 1005 888 1070 abisti?
930 1003 1090 1083 vide,
1133 1000 1445 1069 Gelasimo
1466 1051 1482 1081 ‚
1532 1004 1686 1086 quid
1707 1004 2028 1084 capturu's
2054 1003 2290 1069 cdnsili.

390 1311 462 1381 V.
501 1315 558 1379 4.
596 1311 689 1378 vsJ
742 1315 838 1377 10.

302 1415 419 1482 Sat
468 1425 579 1483 est.
657 1415 851 1482 Servo
919 1414 1170 1481 laomim*
1220 1419 1494 1483 modeste
1538 1418 1766 1483 melius
1811 1418 2024 1502 facere
2058 1424 2381 1497 sumptum

1840 1542 2033 1608 quam
2064 1525 2372 1606 ampliter.

296 1624 507 1694 Verba
569 1636 673 1693 sat
709 1637 806 1693 est
847 1622 1104 1689 librario
1150 1623 1361 1691 deberi
1398 1625 1729 1707 videntur3
1786 1612 2012 1717 quibns
2048 1625 2376 1716 expunctis

299 1729 510 1797 salvus
561 1745 652 1796 est
692 1729 1081 1795 trochaicus:

296 1834 487 1901 Sermo
557 1835 801 1899 homini
851 1836 1127 1901 modeste
1187 1838 1416 1903 melius
1481 1838 1694 1922 fdcere
1754 1846 2078 1921 sumptum
2106 1885 2123 1914 ‚
2186 1855 2378 1919 quam

2053 1944 2369 2024 dmpliter.

302 2059 426 2130 quo
482 2060 629 2104 casu
677 2053 785 2105 aut
845 2063 969 2131 quo
1026 2043 1288 2109 consilio
1346 2044 1585 2131 adjecta
1645 2045 1796 2124 sint,
1855 2043 2027 2109 haud
2073 2055 2372 2133 apparet:

271 2163 427 2207 ‹non
479 2140 702 2208 dubito
744 2158 947 2209 tamen
976 2195 992 2224 ,
1039 2149 1188 2236 quin
1245 2169 1456 2212 versus
1500 2150 1584 2211 20
1618 2169 1864 2237 quoque
1927 2147 2144 2212 eodem
2183 2146 2372 2211 modo

302 2246 677 2337 depravatus
743 2249 857 2329 sit,
920 2251 1094 2335 cujus
1136 2251 1187 2315 si
1230 2252 1498 2340 primam
1569 2250 1904 2314 dictionem
1945 2260 2161 2317 tamen
2201 2249 2374 2317 dele—

301 2353 501 2432 veriS,
543 2373 758 2419 versus
793 2353 910 2418 erit
960 2356 1231 2421 numeris
1284 2356 1407 2421 suis
1459 2354 1817 2422 absolutus:

336 2500 339 2505 -
385 2458 638 2524 Ludere
673 2460 841 2523 inter
882 2462 1000 2525 πόε
1037 2470 1382 2544 stratoqum
1423 2469 1491 2525 ιε’
1511 2463 1678 2546 facio
1718 2463 1863 2524 huic
1918 2460 2223 2525 convivio.

302 2583 429 2626 non
464 2561 630 2627 enim
662 2561 1055 2652 pronuntiari
1099 2576 1305 2652 potest
1322 2559 1444 2626 hoc
1467 2561 1688 2626 modo:
1736 2561 1948 2627 edmen
1972 2563 2186 2627 lude're
2207 2565 2373 2627 inter

305 2668 433 2733 πός.
476 2667 550 2730 In
594 2689 780 2733 versu
817 2670 898 2731 55
945 2689 1156 2732 sensus
1202 2689 1328 2732 non
1376 2666 1581 2731 minus
1617 2689 1802 2756 quam
1841 2688 2053 2733 versus
2077 2690 2260 2734 causa
2290 2667 2378 2734 le-

303 2770 571 2856 gendum
602 2785 721 2836 est:

384 2872 582 2941 Feras
613 2877 904 2960 eqo-edere
931 2927 947 2956 ,
994 2877 1151 2943 scitis
1190 2880 1284 2943 mi
1305 2879 1580 2960 pulchra
1623 2896 1710 2941 es.
1739 2874 1960 2940 ——A‘t
2002 2881 2173 2942 enim
2212 2882 2374 2946 mihi

1924 2981 2365 3061 pulcherrima.

301 3083 527 3152 inserui
566 3106 910 3176 pronomen
962 3086 1130 3150 mihi.
