3123 5126
1693 581 1730 640 2

786 771 919 834 Vin'
970 771 1424 835 commutemus
1444 782 1470 835 ‚⁹
1531 776 1707 836 tetam
1753 776 1861 857 eqo
1907 774 2133 836 ducam
2179 782 2241 838 et
2282 778 2349 837 m
2394 792 2603 838 meam
2626 783 2653 837 ‚⁹

600 872 605 881 “
687 887 750 937 et
771 894 929 962 quae
963 870 1275 938 Bentleius
1300 872 1380 936 ad
1399 874 1533 939 Ter.
1563 872 1754 939 Andr.
1801 876 1845 939 1.
1887 878 1916 937 1
1959 897 2049 939 vs.
2090 878 2169 938 13
2196 872 2407 939 attulit
2423 870 2736 964 exempla:

687 976 846 1041 Rud.
900 977 1019 1042 ΠΙ.
1062 981 1135 1041 6.
1166 1001 1254 1042 vs,
1307 980 1388 1041 27
1429 982 1755 1067 Numquid
1794 991 2019 1046 muto?
2074 980 2333 1045 Pseudl
2376 987 2413 1044 5
2463 1001 2552 1044 vs.
2616 980 2741 1042 142

687 1094 749 1145 et
802 1085 955 1145 153:
1003 1084 1146 1148 Non
1174 1083 1520 1149 demutaho.
1612 1083 1738 1149 Mil.
1778 1083 1950 1149 Glor.
1996 1084 2083 1152 IV
2124 1088 2163 1148 3
2218 1106 2307 1149 vs.
2361 1087 2462 1149 37.
2543 1085 2745 1149 Num-

686 1188 839 1271 quid
896 1189 1145 1252 videtur
1204 1189 1529 1255 demutare
1546 1199 1574 1253 .⁹
1661 1188 1898 1254 Deinde
1958 1191 2128 1253 nacti
2184 1189 2410 1254 erimus
2484 1186 2742 1253 locutio-

686 1312 860 1355 nem:
907 1293 1193 1357 eamdem
1238 1293 1403 1356 hano
1436 1293 1673 1377 faciam
1693 1303 1769 1357 ut
1789 1296 1893 1370 sit,
1916 1313 2034 1381 pro
2072 1312 2145 1357 eo
2167 1291 2339 1382 quod
2362 1306 2486 1358 est:
2508 1296 2747 1379 faciam

688 1408 764 1463 ut
805 1399 1023 1463 eadem
1068 1398 1220 1463 haec
1264 1399 1368 1474 sit,
1420 1418 1580 1486 quae
1598 1394 1834 1460 locutio
1874 1418 1949 1461 ex
1984 1397 2363 1462 Graecorum
2400 1382 2760 1461 imitatione

690 1500 976 1566 traducta
1004 1550 1019 1578 ,
1069 1500 1239 1590 apud
1288 1498 1581 1565 Plautum
1621 1500 1882 1585 singulis
1933 1501 2060 1566 fere
2108 1500 2353 1591 paginis
2405 1514 2497 1566 est
2540 1498 2745 1565 obvia.

690 1606 790 1669 Sic
836 1605 1024 1689 igitur
1063 1605 1395 1691 legendum
1423 1625 1660 1685 censeo,
1682 1626 1882 1695 neque
1917 1602 2096 1670 aliter
2134 1604 2361 1690 legitur
2398 1603 2490 1693 (ut
2536 1618 2748 1694 postea

689 1710 851 1800 vidi)
903 1713 969 1776 in
1032 1712 1255 1778 Weisii
1297 1710 1606 1790 editione,
1663 1707 1838 1775 nulla
1885 1724 2090 1775 tamen
2141 1709 2543 1773 adnotatione
2596 1705 2748 1774 sub-
2775 1778 2790 1791 .

688 1819 848 1902 jecta
871 1866 887 1894 ,
950 1830 1020 1880 ut
1076 1817 1312 1881 nescias
1374 1813 1543 1878 unde
1613 1812 1720 1879 ille
1782 1812 2072 1880 hauserit.
2162 1812 2349 1894 Quod
2406 1827 2612 1878 autem
2668 1812 2750 1877 ad

689 1920 933 1985 hiatum
983 1920 1224 1984 adtinet
1261 1920 1326 1983 in
1364 1915 1573 1985 verbis
1614 1922 1851 2006 faciam
1873 1940 1977 1999 em,
2022 1939 2163 1984 eum
2206 1914 2556 1981 tollendum
2596 1913 2749 1981 olim

689 2022 991 2113 putabam
1044 2021 1165 2088 hoc
1202 2024 1390 2089 modo
1420 2048 1432 2088 :

778 2130 1091 2194 Eamdem
1153 2130 1318 2195 Ιιάηο
1341 2180 1358 2208 ,
1422 2133 1483 2194 si
1524 2131 1709 2194 voltis
1731 2177 1748 2205 ‚
1809 2130 2011 2213 se‘oero
2059 2148 2139 2193 ecc
2186 2130 2500 2213 traqoddia

690 2248 761 2297 ut
822 2231 1039 2298 melius
1099 2231 1217 2298 sibi
1291 2231 1762 2323 responderent:
1850 2242 2311 2298 eommutavero
2377 2244 2440 2296 et
2502 2231 2707 2315 fecero
2728 2255 2748 2293 .·

690 2361 856 2406 nuno
901 2360 1051 2405 vero
1097 2341 1518 2425 conjecturam
1561 2335 1739 2401 illam
1784 2334 2218 2402 violentiorem
2265 2332 2488 2399 habeo.

782 2667 1024 2752 Prolog.
1072 2690 1162 2732 vs.
1214 2669 1339 2730 104
1387 2689 1518 2756 sqq.

871 2775 1026 2836 Jam
1072 2793 1179 2856 eqo
1224 2776 1334 2837 υόε
1379 2775 1630 2837 novisse
1655 2774 1884 2847 uredo,
1937 2780 2012 2834 ut
2052 2775 2138 2834 sit
2174 2778 2357 2852 pater
2401 2791 2619 2850 ηισαες

870 2897 1064 2963 quam
1108 2876 1266 2940 liber
1312 2877 1541 2939 harum
1587 2881 1801 2938 re‘rum
1845 2875 2193 2938 multarum
2235 2876 2398 2948 siet;

875 2987 1270 3066 quantasque
1315 2989 1565 3046 amator
1609 2982 1749 3057 siet,
1792 2981 1957 3064 quod
1982 2981 2506 3062 complacitum'st
2527 2982 2746 3046 semel.

789 3193 950 3255 Haec
993 3192 1325 3256 Mercurius
1369 3189 1450 3253 ad
1502 3193 1877 3278 spectatores
1966 3186 2139 3252 Jovis
2183 3186 2348 3250 furta
2412 3186 2605 3249 facete
2668 3184 2750 3248 ri-

704 3298 869 3362 dens,
924 3298 1182 3364 Versum
1206 3295 1478 3378 medium
1513 3291 1879 3383 interposita
1919 3288 2144 3386 copula
2182 3289 2535 3356 emendavit
2558 3286 2752 3353 Peerl-

701 3401 988 3490 kampius
1012 3402 1112 3467 vir
1137 3398 1214 3464 cl.
1239 3401 1319 3463 ad
1349 3399 1853 3485 VirgiliumTom.
1871 3400 1916 3463 Ι.
1932 3423 1993 3488 p.
2017 3401 2142 3463 279
2163 3423 2178 3478 ;
2197 3399 2405 3464 versui
2428 3397 2610 3462 tertio
2629 3417 2742 3481 ego

700 3497 1209 3571 medic'as'manus
1235 3503 1566 3569 admovere
1590 3501 2052 3580 conabor3na1'n
2073 3502 2366 3566 vitiosum
2390 3524 2535 3580 esse,
2563 3500 2749 3566 etiam

698 3610 811 3675 ubi
860 3608 1280 3688 dissimulant,
1322 3609 1505 3672 fateri
1550 3606 1844 3672 videntur
1891 3606 2252 3694 interpretes
2293 3605 2590 3669 contortis
2628 3601 2752 3665 suis

700 3732 764 3782 et
830 3719 893 3780 in
952 3717 1193 3781 diversa
1254 3711 1621 3778 abeuntibus
1687 3708 2316 3799 interpretationibus.
2420 3704 2752 3769 Lambinus

706 3823 871 3885 enim
907 3820 1209 3910 explicat:
1245 3825 1316 3885 in
1360 3841 1466 3896 eo,
1508 3822 1673 3904 quod
1694 3821 2133 3900 complacitum
2165 3825 2258 3880 est
2280 3816 2510 3889 semel,
2552 3808 2754 3874 Taub-

707 3947 941 3988 manno
994 3922 1491 3990 subaudiendum
1545 3918 1875 3985 videbatur
1943 3920 2122 4004 ejus,
2194 3914 2463 3981 Weisius
2522 3927 2753 3981 veteres

710 4032 850 4096 edd.
907 4045 1147 4097 secutus
1171 4081 1186 4109 ‚
1240 4028 1517 4116 scripsit:
1578 4028 1988 4107 Quantasque
2033 4030 2303 4096 amator,
2353 4040 2540 4102 quom
2605 4019 2757 4104 quid

706 4138 1145 4217 comlacitum
1211 4144 1305 4198 est
1365 4134 1575 4198 semel.
1697 4124 1842 4190 Mihi
1891 4121 2434 4212 ‘simplicissimum
2509 4120 2755 4188 videtur
