3123 5126
1464 563 1585 622 103

1434 754 1561 820 VII.

548 960 619 1025 In
665 961 905 1028 Terent.
951 963 1104 1027 Eun.
1152 962 1312 1054 prol.
1359 986 1448 1029 vs.
1499 966 1572 1027 9:

638 1085 818 1148 Idem
858 1086 1204 1152 Menandri
1244 1088 1528 1151 Phasma
1565 1102 1739 1151 nuno
1770 1104 1976 1170 nuper
2020 1085 2203 1149 dedit.

465 1201 624 1267 male
668 1201 928 1271 Bothius
974 1200 1282 1296 reposuit:
1589 1282 1592 1285 Α

630 1326 808 1390 Idem
844 1328 1190 1395 Menandri
1224 1328 1510 1393 Phasma
1551 1346 1764 1411 nuper
1803 1330 2091 1412 perdo'dit.

458 1444 936 1512 Recentissimus
992 1462 1198 1514 autem
1254 1447 1542 1515 Eunuchi
1580 1449 1785 1515 editor
1835 1448 2169 1536 legendum
2209 1474 2339 1518 esse
2381 1475 2521 1518 con-

457 1563 749 1630 tendens:
795 1568 975 1632 Idem
1015 1568 1363 1639 Menandri
1397 1570 1681 1634 Phasma
1718 1588 1894 1635 nuno
1925 1589 2131 1654 nuper
2177 1572 2341 1653 edit,
2379 1570 2534 1638 loco.

462 1705 613 1749 sano
663 1684 783 1749 tria
831 1684 1059 1750 inflixit
1095 1681 1374 1750 vulnera.
1406 1737 1409 1740 .

1417 1929 1578 2001 Vm.

459 2162 661 2232 Verba
708 2163 876 2249 Virg.
925 2162 1075 2229 Aen.
1119 2164 1166 2229 1.
1215 2184 1304 2229 νε.
1353 2167 1462 2231 17:
1539 2234 1545 2241 ,

1266 2289 1400 2358 Hoc
1440 2310 1716 2375 regnam·
1745 2292 1887 2359 Dea
1922 2292 2211 2378 qentibas
2249 2311 2389 2361 essa
2409 2340 2429 2371 ,

664 2408 738 2475 Si
765 2430 890 2494 qua
926 2412 1064 2496 fata
1101 2410 1327 2475 sinunt
1345 2432 1371 2488 ,¹
1386 2410 1536 2496 jam
1583 2420 1719 2477 tum
1764 2415 2082 2496 tenditque
2117 2413 2429 2497 fovetque.

458 2530 670 2623 spuria
716 2544 879 2598 sunt.
1771 2512 1776 2519 ⁸

1435 2767 1539 2834 lx.

537 2996 725 3088 Apud
759 2999 970 3064 Horat.
1009 2998 1133 3062 Sat.
1178 2996 1260 3061 11.
1312 2999 1353 3061 3
1399 3019 1490 3064 vs.
1536 2998 1697 3077 220,
1743 2995 1857 3063 ubi
1896 2993 2153 3081 legitur:

1869 3119 2038 3203 Erqo
2082 3117 2196 3184 ubi
2229 3137 2433 3202 prava

536 3237 819 3304 Stultitia
844 3290 862 3316 ,
907 3241 1009 3306 hio
1037 3249 1135 3306 est
1160 3260 1417 3306 summa
1449 3242 1731 3308 insania.

451 3377 570 3448 pro
615 3367 711 3424 est
745 3354 1078 3444 legendum
1121 3358 1371 3426 videtur
1407 3371 1482 3429 et.

1450 3583 1522 3646 X.

535 3792 608 3857 ln
646 3789 788 3858 loco
823 3790 1063 3855 Horatii
1094 3790 1206 3880 Ep.
1247 3789 1322 3856 11.
1374 3792 1449 3870 2,
1495 3811 1590 3856 vs,
1625 3793 1745 3857 87:

619 3918 842 3980 Frater
887 3920 1026 3977 erat
1054 3912 1299 3979 Romae
1343 3912 1617 3978 consulti
1656 3913 1867 3979 rhetor
1890 3958 1908 3988 ,
1956 3920 2030 3976 at
2067 3914 2228 3978 atter

618 4030 894 4100 Alterius
931 4051 1223 4101 sermone
1260 4049 1469 4100 meros
1504 4031 1757 4099 audiret
1796 4031 2081 4098 honores.
