3123 5126
962 1114 2086 1231 CISTELLARI-A.

592 1543 636 1606 1.
691 1547 718 1605 1
772 1566 860 1608 vs.
914 1544 1022 1607 42:
1491 1545 1607 1606 illa
1643 1544 1745 1606 ted
1779 1561 1888 1625 eqo
1930 1526 2093 1607 hano
2130 1545 2288 1609 mihi
2317 1542 2578 1608 educavi

592 1670 673 1714 ea>
707 1650 998 1733 patribus
1043 1648 1459 1713 conventitiis.

499 1753 643 1818 Jure
678 1755 899 1819 merito
933 1762 1218 1820 monstra
1250 1752 1762 1836 conjecturarum
1802 1749 1960 1814 dixit
1993 1748 2383 1831 Gronovius,
2419 1775 2576 1842 quae

501 1857 579 1921 ad
625 1856 686 1923 h.
732 1855 775 1924 l.
823 1859 947 1922 viri
990 1857 1162 1922 docti
1207 1856 1655 1941 excogitarunt.
1748 1855 2013 1922 Caeteris
2065 1856 2273 1922 sanior
2318 1872 2379 1922 et
2422 1881 2577 1947 pro-

499 1959 770 2033 babilior
810 1965 1169 2049 conjectura
1208 1976 1300 2027 est
1337 1959 1638 2033 Acidalii:
1678 1984 1759 2027 ea>
1781 1965 2073 2046 patribus
2100 1967 2573 2043 commentitiis3

500 2089 648 2130 nam
694 2067 867 2157 quod
906 2067 1264 2132 Gronovius
1302 2064 1550 2132 maluit:
1592 2088 1672 2131 eas
1708 2070 2000 2150 patribus
2040 2074 2407 2135 commentis
2441 2092 2577 2133 ver·

507 2190 644 2233 sum
691 2169 1066 2258 persumdat.
1143 2171 1279 2234 Non
1339 2184 1543 2234 tamen
1588 2169 1773 2233 credo
1820 2193 2038 2237 verum
2081 2175 2310 2239 vidisse
2353 2171 2577 2245 Acida-

506 2270 677 2338 lium.
758 2274 927 2355 Quid
976 2276 1141 2340 enim
1198 2298 1356 2364 opus
1411 2288 1544 2339 erat
1589 2273 2011 2341 meretricibus
2064 2292 2272 2367 patres
2324 2279 2580 2343 commi-

502 2379 658 2444 nisci
703 2380 1111 2470 spuriorum?
1156 2394 1264 2445 aut
1311 2402 1470 2469 quae
1517 2379 1770 2458 tandem
1806 2382 2126 2461 meretrix,
2172 2383 2223 2448 si
2261 2383 2401 2473 quis
2443 2405 2580 2447 eam

505 2483 831 2569 gravidam
871 2486 1131 2550 fortuito
1183 2485 1425 2566 fecerit,
1467 2484 1571 2549 vel
1624 2507 1807 2550 verae
1862 2485 2058 2576 prolis
2099 2502 2342 2577 patrem
2382 2485 2580 2577 possit

506 2596 919 2679 nuncupare?
988 2585 1279 2656 Plautum
1344 2592 1660 2681 scripsisse
1727 2594 2041 2681 suspicor:
2122 2616 2202 2659 ea>
2235 2583 2579 2678 ¹partubus

503 2698 961 2762 commentitiis.
1022 2695 1369 2763 Meretrices
1404 2719 1532 2761 non
1569 2720 1783 2762 revera
1816 2712 2214 2788 pepererant,
2253 2699 2361 2764 sed
2385 2720 2580 2790 pepe-

501 2801 653 2866 risse
704 2822 767 2866 se
812 2798 1292 2880 simulaverant,
1335 2815 1407 2865 ut
1444 2797 1819 2886 intelligitur
1866 2823 1942 2866 ex
1990 2801 2127 2890 ipso
2181 2799 2431 2866 fabulae
2473 2824 2577 2867 ar-

505 2920 816 2991 gumento.

503 3229 938 3295 1.1vs.61:
1032 3273 1141 3278 -Α

504 3336 668 3400 Mea.
705 3351 774 3397 sl.
814 3335 1164 3409 amomo-ior,
1203 3353 1346 3396 mea
1384 3334 1832 3418 Gynmasimne
1875 3337 2043 3400 male
2070 3336 2230 3399 mihi
2264 3345 2383 3413 est,
2414 3338 2580 3400 male
2683 3393 2684 3402 ,

2264 3457 2568 3503 maceror.

508 3541 694 3624 Lego:
794 3585 799 3590 »

502 3643 583 3706 Sl.
636 3641 809 3707 Male
840 3663 948 3726 eqo
987 3645 1336 3721 emor-noim,
1383 3653 1525 3732 meu
1560 3646 1978 3729 Gymnasium
1996 3695 2010 3723 ‚
2052 3646 2221 3711 mele
2258 3648 2418 3711 mihi
2451 3656 2574 3724 est,

2068 3753 2237 3815 male
2263 3752 2569 3817 maceror.

510 3855 683 3918 Male
716 3872 834 3941 pro
876 3871 1020 3915 mea
1056 3847 1289 3914 habent
1322 3850 1455 3915 Mss.
1492 3848 1695 3917 Guelf.
1742 3851 1840 3915 Ad
1865 3848 2210 3917 trochaicos
2239 3850 2358 3916 hoc
2390 3875 2575 3918 versu

509 3955 769 4019 transire
807 3967 1089 4043 poetam,
1118 3955 1253 4039 jam
1294 3951 1588 4020 viderunt
1618 3953 1749 4020 alii.
1801 3957 1940 4027 Mox
1964 3957 2078 4040 (vs.
2108 3955 2215 4043 63)
2242 3971 2314 4023 ut
2334 3968 2574 4023 constet·

511 4073 786 4139 caesura,
819 4055 1151 4144 legendum
1189 4059 1472 4126 fortasse:
