3123 5126
1695 564 1771 623 16

694 760 876 825 sioni.
969 757 1185 821 Fateor
1239 773 1487 821 servum
1543 749 1899 818 Plautinum
1948 765 2018 816 ut
2064 749 2216 815 alias
2241 801 2256 830 ‚
2297 751 2400 815 ita
2445 748 2547 814 hic
2593 771 2762 837 quo-

695 883 816 952 que
865 861 1068 926 minus
1124 873 1408 925 accurate
1461 857 1741 922 locutum
1786 880 1944 938 esse3
1992 880 2136 922 nam
2198 879 2340 921 oum
2378 854 2501 920 hoc
2548 854 2767 920 dicere

695 967 758 1030 in
811 965 1020 1030 animo
1083 962 1375 1030 haberet:
1431 964 1545 1030 »si
1595 967 1834 1050 justum
1902 964 1988 1028 rei
2053 960 2360 1047 gerendae
2414 976 2664 1050 tempus
2727 981 2769 1023 e

696 1069 1041 1135 »manibus
1078 1067 1359 1159 elapsum
1394 1068 1650 1148 suerit‚»
1690 1069 1890 1158 ipsam
1930 1070 2321 1134 occasionem
2355 1067 2597 1155 posuit,
2637 1084 2768 1153 pro

694 1198 765 1242 re
789 1227 806 1255 ‚
875 1198 1069 1262 qnam
1121 1179 1465 1261 qai-ondam
1520 1179 1761 1241 occasio
1821 1176 2172 1251 obtulerat,
2236 1173 2300 1237 in
2347 1196 2471 1263 qua
2516 1169 2770 1238 servilis

695 1280 994 1346 sermonis
1056 1279 1297 1344 incuria
1356 1277 1646 1367 equidem
1691 1300 1818 1343 non
1871 1276 2169 1344 offendor.

785 1385 897 1452 Vir
951 1384 1378 1464 doctissimus,
1444 1387 1620 1471 cujus
1675 1408 1864 1475 supra
1910 1385 1989 1451 ad
2045 1384 2271 1476 Amph.
2329 1386 2402 1453 V.
2469 1390 2522 1450 1.
2586 1407 2674 1450 vs.
2720 1388 2765 1448 7

700 1490 817 1555 feci
871 1490 1249 1556 mentionem
1278 1540 1293 1568 ,
1353 1488 1506 1554 haec
1573 1487 1840 1575 benigne
1894 1491 1973 1557 de
2037 1512 2148 1556 suo
2221 1489 2478 1577 adjecit:
2542 1490 2768 1556 »Fieri

699 1617 733 1657 »
768 1609 1002 1684 potest,
1063 1607 1134 1657 ut
1181 1590 1436 1658 Plautus
1477 1594 1828 1683 scripserit:

785 1723 819 1762 »
844 1701 1014 1767 Na'm
1056 1703 1118 1765 si
1158 1702 1307 1765 huic
1351 1701 1695 1764 occasionis
1744 1709 1990 1782 tempas
2035 1707 2171 1764 se‘se
2206 1700 2689 1765 subterdnizcorit.

786 1828 820 1868 »
852 1804 918 1867 Si
960 1814 1206 1887 tompus
1242 1806 1583 1869 occasionis
1607 1853 1622 1882 ,
1681 1816 1924 1892 tempus
1979 1804 2066 1868 rei
2100 1802 2258 1868 bene
2304 1802 2639 1888 gerendae,
2695 1825 2765 1867 se

703 1931 736 1971 »
769 1904 1230 1972 subterduxerit
1274 1905 1423 1971 huic
1468 1904 1740 1986 Libane,
1785 1905 2089 1972 Libanum
2129 1905 2446 1991 effugerit,
2491 1905 2603 1973 ille
2636 1905 2764 1973 hoo

701 2036 735 2077 »
773 2027 1016 2102 tempus
1066 2027 1282 2101 postea
1336 2036 1680 2104 numquam
1741 2013 2165 2104 reprehendet.
2256 2013 2459 2078 Possis
2505 2012 2764 2080 reddere
2815 2038 2818 2041 ·

701 2140 734 2179 »
766 2117 1071 2181 sententia
1140 2117 1300 2181 Livii
1358 2119 1565 2186 XXV:
1630 2121 1730 2182 38.
1823 2119 1896 2184 Si
1956 2123 2028 2185 in
2094 2121 2442 2185 occasionis
2475 2138 2760 2185 momen·

702 2232 824 2286 »to
852 2271 871 2299 ,
939 2224 1126 2307 ctu’ns
1191 2226 1615 2307 praetervolat
1665 2227 2100 2307 opportunitas
2120 2276 2136 2300 ,
2201 2234 2532 2291 cunctatus
2574 2227 2764 2308 paul-

703 2353 735 2394 »
768 2333 904 2396 lum
982 2332 1188 2415 saeris
1209 2378 1226 2405 ‚
1314 2333 1743 2415 nequidquam
1829 2350 1980 2395 mom
2070 2333 2377 2395 omissam
2458 2351 2749 2414 quaeras.

704 2458 736 2497 ›>
778 2436 1053 2516 Tempus
1120 2453 1301 2521 saepe
1377 2432 1541 2497 idem
1625 2433 1934 2517 significat
1998 2447 2185 2524 atque
2262 2437 2521 2501 occasio.
2602 2455 2661 2499 v.
2702 2454 2750 2497 o.

702 2562 735 2602 »
768 2534 1035 2602 Phaedri
1069 2537 1139 2605 V.
1168 2539 1240 2601 8.
1273 2534 1387 2602 ubi
1440 2540 1714 2622 Tempus
1762 2552 1889 2603 tam
1929 2559 2194 2628 persona
2232 2551 2323 2604 est
2361 2559 2551 2629 quam
2571 2539 2757 2606 Occa-

704 2667 737 2706 »
768 2649 879 2710 sio.
942 2643 1164 2707 Graeci
1201 2647 1469 2728 jungunt
1506 2647 1718 2725 χρόνον
1764 2659 1825 2720 et
1869 2647 2092 2728 καιρόν.
2187 2644 2281 2707 Ita
2313 2641 2570 2709 Plautus
2618 2644 2767 2709 scri-

705 2770 737 2811 »
773 2744 916 2810 bere
967 2745 1297 2835 potuisset:
1357 2751 1417 2813 si
1476 2757 1725 2830 tempus
1770 2758 1835 2813 ct
1877 2752 2120 2830 occasio
2176 2770 2246 2814 se
2309 2751 2459 2816 hnic
2516 2751 2768 2816 subter-

705 2876 738 2915 »
770 2855 1117 2926 daaeerint,·
1159 2850 1317 2915 dixit
1360 2863 1607 2937 tempas
1652 2855 2052 2919 occasionis.''
2122 2855 2296 2917 Hane
2349 2876 2463 2940 ego
2514 2859 2770 2943 conjec-

703 2972 908 3022 turam
985 2953 1175 3045 plane
1243 2954 1504 3045 probem
1524 3006 1539 3034 ,
1625 2956 1677 3020 si
1747 2961 2091 3024 occasionis
2164 2973 2433 3047 quatuor
2496 2955 2769 3048 syllabas

707 3062 910 3126 metiri
934 3074 1157 3150 potest.

795 3375 869 3439 11.
922 3377 960 3438 4
993 3397 1082 3440 νε.
1134 3379 1188 3439 4.

796 3479 894 3540 Mn
924 3481 1133 3544 Nimis
1192 3479 1597 3562 6mperiosus.
1662 3479 1732 3541 L1
1778 3484 1894 3545 va'e
1935 3482 2096 3545 mihi
2126 3483 2345 3547 hodie!
2407 3483 2492 3545 Ln
2528 3487 2775 3551 salvare

801 3583 1117 3648 Libanam
1165 3584 1504 3648 libertam!
1539 3583 1692 3668 ja'm
1736 3604 1936 3649 mana
1977 3588 2249 3651 emissas
2274 3592 2302 3650 ¹?
2585 3587 2781 3676 (jassi

798 3687 878 3751 Ut
933 3701 1098 3752 recte
1143 3709 1206 3752 se
1247 3683 1477 3750 habeat
1521 3706 1773 3751 caesura
1826 3701 1888 3751 et
1916 3688 1983 3752 in
2025 3710 2278 3755 caesura
2307 3688 2547 3771 hiatus,
2591 3691 2772 3758 aliter

711 3814 783 3855 ae
823 3789 1017 3877 vulgo
1055 3790 1126 3855 fit
1150 3841 1165 3870 ,
1205 3788 1374 3856 hunc
1421 3788 1633 3855 locum
1683 3790 2194 3878 distinguendum
2230 3797 2451 3862 oredo:

790 3895 887 3958 Μι
929 3897 1138 3962 Nimis
1181 3897 1659 3979 imperiosas'st.
1707 3897 1777 3959 L1
1808 3899 1932 3964 Vde
1955 3901 2116 3965 mhi
2141 3910 2163 3963 ,Ι
2194 3902 2278 3965 Ln
2297 3905 2509 3970 Hadid
2528 3906 2774 3970 salvere

799 4002 1118 4066 Libanum
1163 4003 1457 4071 libortum
1475 4014 1502 4070 ?
1517 4005 1667 4092 jam
1683 4026 1886 4071 mann
1929 4017 2026 4076 est
2066 4011 2340 4076 emissus
2355 4022 2383 4075 7
2577 4010 2776 4099 (jassi

712 4106 991 4197 Apparet
1040 4106 1343 4174 ironicam
1396 4131 1525 4177 esse
1580 4111 1937 4176 orationem.
2047 4111 2347 4179 Leonidas
2422 4112 2642 4181 herum
2710 4137 2773 4181 se
