3123 5126
1278 1082 2139 1200 ASINARIA.

763 1497 812 1559 Ι.
865 1498 895 1557 1
950 1518 1036 1561 vs.
1091 1499 1188 1560 17.

857 1675 1027 1754 Quid
1055 1676 1216 1739 istac
1251 1684 1347 1741 est
1366 1722 1382 1752 ‚
1418 1682 1533 1739 aut
1558 1674 1672 1740 uhi
1706 1685 1801 1741 est
1841 1678 2002 1743 istuc
2040 1682 2355 1742 terraram
2391 1678 2510 1742 loci
2533 1680 2562 1738 ‘2

767 1869 929 1933 Leve
983 1868 1049 1931 in
1123 1880 1381 1931 accentu
1451 1867 1678 1931 vitium
1744 1868 1987 1952 corrigo
2051 1867 2554 1958 transponendo:
2628 1878 2748 1933 aut
2813 1880 2840 1895 ““

680 1972 794 2037 ubi
824 1976 984 2039 istae
1017 1983 1112 2039 est
1147 1976 1464 2037 terraram
1513 1974 1674 2049 loci3
1724 1971 1810 2034 sio
1863 1992 1989 2034 non
2033 1992 2189 2060 opus
2228 1986 2319 2036 est
2350 1993 2495 2035 cum
2514 1968 2745 2035 Bothio

677 2076 899 2163 ejicere
963 2087 1072 2143 est.
1161 2073 1376 2140 Simile
1428 2075 1657 2139 vitium
1716 2072 1901 2141 tollas
1955 2075 2116 2141 infra
2168 2077 2243 2141 11.
2290 2078 2329 2139 2
2378 2099 2474 2142 vs.
2530 2078 2613 2140 50
2655 2073 2748 2141 le-

677 2181 919 2265 gendo:
963 2190 1100 2306 όὲεθ
1139 2184 1262 2248 sibi
1296 2185 1365 2248 in
1404 2186 1642 2248 mundo
1685 2184 1952 2247 malum.

767 2358 812 2422 Ι.
850 2361 888 2422 2
926 2381 1016 2423 vs.
1068 2362 1150 2421 10
1198 2371 1258 2422 et
1302 2361 1398 2419 11.

854 2465 1138 2547 I‘nqrata
1174 2472 1363 2547 atque
1409 2464 1596 2527 irrita
1636 2482 1773 2528 esse
1819 2461 2036 2525 omnia
2074 2461 2385 2545 intelliqo,

853 2572 1015 2651 qude
1058 2571 1203 2633 dedi
1224 2617 1240 2646 ‚
1292 2578 1352 2633 et
1394 2570 1558 2653 quod
1593 2568 1911 2652 benefeci:
1945 2575 2014 2630 at
2037 2567 2298 2649 posthdo
2339 2562 2454 2628 tibi
2474 2612 2491 2641 ‚

680 2674 848 2736 mdle
883 2676 1049 2757 quod
1058 2681 1274 2755 potero
1302 2674 1513 2757 fa'cere
1540 2721 1556 2749 ‚
1605 2673 1874 2756 faciam,
1915 2675 2259 2754 meritoque
2279 2671 2346 2732 id
2359 2669 2595 2753 sacidm
2618 2677 2744 2734 mo.

681 2774 753 2838 In
814 2797 998 2839 versu
1080 2775 1284 2839 medio
1360 2774 1756 2839 durissimum
1824 2773 2067 2839 hiatum
2121 2774 2187 2836 in
2243 2773 2406 2863 pede
2479 2773 2741 2838 cretico:

680 2882 740 2945 ci
797 2890 864 2945 at
909 2890 1056 2963 post
1099 2880 1406 2969 patienter
1454 2877 1601 2944 tulit
1642 2880 1930 2945 Weisius.
2019 2881 2176 2964 Ego,
2221 2879 2272 2944 si
2313 2900 2525 2945 versus
2583 2893 2741 2945 esset

679 2981 940 3046 creticus
1002 2995 1353 3046 tetrameter
1376 3032 1391 3060 ,
1441 3002 1570 3044 non
1631 2979 1979 3046 dubitarem
2040 2996 2186 3071 post
2241 2995 2311 3049 at
2344 2984 2740 3073 interponere

678 3106 1023 3174 pronomen
1064 3107 1172 3171 eqo
1194 3112 1213 3150 .·
1265 3087 1444 3166 Quod
1480 3086 1798 3172 beneseei;
1865 3089 1934 3153 at
1975 3109 2083 3173 eqo
2132 3092 2392 3172 posthde
2443 3091 2595 3169 tibh
2645 3102 2738 3154 est

677 3190 844 3253 enim
899 3187 1059 3254 illud
1107 3211 1457 3281 pronomen
1495 3190 1793 3256 minantis
1817 3193 2085 3256 orationi
2123 3195 2362 3280 egregie
2381 3215 2738 3260 accommo-

680 3292 933 3374 datum,
996 3310 1067 3360 ut
1107 3297 1173 3360 in
1233 3292 1346 3359 illo
1388 3292 1776 3379 Virgiliano:
1869 3298 2039 3376 Quos
2090 3318 2234 3381 89⁰5
2277 3297 2354 3362 cf.
2387 3294 2613 3386 Amph.
2658 3297 2732 3363 11.

682 3402 711 3460 1
764 3421 854 3464 vs.
903 3403 1005 3465 36.

1643 3504 1725 3569 Ac
1772 3514 1831 3570 ce
1885 3494 1992 3588 eqo
2034 3508 2267 3592 faciam

1028 3610 1210 3672 hodie
1252 3610 1521 3690 proinde
1582 3628 1656 3671 ac
1691 3611 1955 3674 meritus
1998 3629 2066 3674 es
2106 3637 2120 3689 3

1027 3720 1102 3776 ut
1134 3715 1348 3777 minus
1375 3714 1605 3777 valeas

672 3819 796 3884 Sed
842 3816 1005 3882 nihil
1053 3833 1145 3883 est
1206 3816 1577 3882 mutandum
1604 3865 1627 3896 ,.
1686 3838 1884 3908 neque
1942 3841 2155 3884 versus
2198 3820 2459 3885 creticus
2494 3833 2586 3884 est
2640 3832 2735 3883 te·-

675 3939 964 3990 trameter
984 3974 999 4003 ,
1046 3922 1152 3988 sed
1192 3920 1568 4013 liquescente
1607 3922 1828 3988 ultima
1863 3923 1926 3987 in
1968 3925 2279 4010 benefeci,
2314 3926 2394 3989 ad
2418 3920 2579 3989 illud
2593 3907 2734 4012 per*-

672 4031 832 4095 tinet
871 4052 1061 4115 genus
1086 4079 1101 4107 ,
1144 4028 1219 4094 de
1254 4051 1378 4119 quo
1418 4032 1543 4115 egit
1585 4030 1970 4095 Hermannus
2003 4029 2190 4095 Elem.
2237 4053 2297 4118 p.
2341 4032 2466 4096 216
2493 4054 2624 4123 sqq.
2671 4044 2733 4095 et

674 4133 975 4200 Beckerus
1024 4136 1088 4199 in
1148 4131 1611 4224 quaestionibus
1670 4133 1745 4198 de
1781 4134 1946 4199 Com.
1989 4137 2164 4199 Rom.
2201 4132 2322 4200 sab.
2361 4158 2422 4224 p.
2473 4138 2558 4200 20
2598 4159 2730 4226 sqq.
