3123 5126
1248 1164 2206 1264 TRINUMMUS.
2397 1299 2408 1312 ,

1526 1433 1937 1457 ιο--ρώωμ-

701 1591 746 1655 1.
796 1592 836 1656 2
882 1613 971 1657 vs.
1025 1596 1139 1658 10·:

785 1700 887 1766 CA.
937 1701 990 1767 0
1038 1704 1243 1769 amico
1273 1706 1486 1781 salve,
1536 1708 1723 1788 a'tque
1756 1705 2080 1788 aequalis,
2128 1706 2202 1766 nt
2261 1700 2435 1764 vales
2460 1746 2477 1775 ‚
2581 1770 2582 1775 γ

785 1808 1221 1891 Meqaronides
1238 1818 1266 1871 :⁷
1308 1806 1419 1871 ΜΕ.
1456 1816 1519 1873 ot
1560 1817 1629 1872 tu
1670 1810 1886 1891 edepol
1927 1809 2100 1872 salve
2122 1855 2139 1884 ,
2194 1804 2501 1870 Ca'llicles.
2789 1872 2795 1884 ἢ

701 1908 909 1975 Multis
962 1908 1320 1976 nominibus
1371 1910 1524 1977 haec
1594 1911 1942 1977 offendunt.
2035 1911 2164 1995 Ego
2220 1906 2325 1972 hic
2378 1921 2624 1999 turpem
2662 1930 2775 1994 ag-

699 2035 890 2079 nosco
945 2012 1505 2103 interpolationem.
1603 2015 1808 2085 Verba
1851 2015 2247 2080 intermedia:
2294 2024 2481 2098 atque
2530 2034 2773 2098 aequa-

697 2122 779 2186 lis
802 2168 818 2197 ‚
868 2128 941 2185 ut
1003 2123 1192 2199 υαὶοε,
1239 2123 1696 2206 MeqaronideS,
1761 2123 1972 2211 spuria
2024 2142 2174 2200 esse,
2242 2119 2519 2209 quinque
2591 2141 2773 2205 argu-

699 2223 920 2289 mentis
957 2224 1271 2288 evincam:

791 2328 877 2393 1⁰.
916 2339 1102 2415 atque
1140 2331 1425 2414 aequalis
1460 2326 1584 2395 hoc
1625 2330 1837 2419 positu
1879 2330 2137 2395 mirifice
2161 2329 2404 2412 frigent.
2448 2328 2690 2399 Ferrem
2712 2329 2772 2397 si

696 2430 818 2496 hoc
890 2431 1108 2497 ordine
1164 2428 1504 2515 legeretur:
1576 2433 1629 2498 0
1665 2437 1902 2509 antico,
1974 2443 2161 2518 atque
2197 2436 2509 2518 aequalis,
2550 2435 2771 2499 salve!

666 2556 866 2602 ¹nunc
924 2549 1068 2625 post
1130 2532 1465 2601 solemnem
1529 2536 1779 2602 demum
1839 2534 2150 2603 salutandi
2195 2532 2530 2601 formulam
2589 2535 2787 2612 intu-„

697 2636 808 2716 lit,
858 2660 920 2704 se
978 2640 1109 2727 ipse
1148 2641 1321 2728 quasi
1366 2642 1714 2726 corrigenS,
1782 2654 1843 2705 et
1886 2641 2059 2730 quod
2099 2641 2301 2706 dicere
2331 2637 2565 2707 oblitus
2601 2654 2768 2720 erat,

703 2765 838 2808 sero
881 2744 1131 2809 addens.

790 2847 877 2913 2⁰.
915 2847 1079 2914 nihil
1135 2848 1466 2938 respondet
1518 2848 1941 2933 Megaronides
1991 2849 2072 2914 ad
2124 2871 2195 2915 ea
2219 2900 2236 2929 ,
2279 2871 2438 2939 quae
2474 2864 2765 2936 rogatur,

697 2965 774 3022 ut
835 2958 1057 3023 vales?
1104 2955 1231 3034 sed,
1284 2951 1461 3018 nulla
1519 2951 1745 3018 horum
1810 2953 2145 3019 verborum
2206 2953 2421 3020 hahita
2487 2956 2765 3035 ratione,

700 3059 782 3124 ad
846 3062 1180 3126 remotiora
1231 3075 1476 3128 tantum
1536 3062 1820 3151 respicit:
1899 3062 1952 3127 0
2013 3065 2213 3129 antico
2269 3066 2489 3130 salvo!
2563 3075 2566 3080 ’
2777 3073 2784 3076 “

789 3165 877 3230 3⁰.
916 3188 1130 3232 versus
1167 3167 1434 3256 turpiter
1478 3165 1636 3246 hiat,
1679 3182 1953 3233 cessante
1994 3164 2378 3256 synaloepha
2423 3167 2489 3230 in
2528 3165 2765 3233 verbis:

696 3271 871 3335 salve
901 3280 1122 3355 atque,
1184 3273 1285 3336 cui
1319 3268 1485 3334 malo
1531 3271 1873 3336 remedium
1910 3269 2303 3336 adhibiturus
2344 3273 2550 3337 nescio
2585 3273 2724 3363 quis
2746 3324 2766 3353 ,

697 3387 914 3438 contra
951 3375 1194 3441 codices
1222 3376 1462 3441 infersit
1510 3380 1605 3442 mi
1636 3398 2012 3464 pronomen:

963 3481 1016 3546 0
1054 3484 1254 3546 amice
1295 3484 1467 3545 salve
1507 3484 1632 3559 mi,
1677 3484 1863 3566 a'tqwo
1910 3482 2231 3566 aequalis;

699 3581 1120 3649 infelicissima
1159 3584 1531 3668 conjectura.

789 3689 876 3752 4⁰.
918 3684 1306 3766 Probabilis,
1362 3700 1433 3750 ut
1485 3684 1642 3751 mihi
1691 3687 1981 3764 videtur,
2028 3685 2214 3773 hujus
2258 3684 2762 3776 interpolationis

700 3791 834 3856 dari
898 3807 1102 3882 potest
1161 3814 1367 3856 causa.
1464 3790 1668 3855 Didici
1733 3790 1970 3856 scilicet
2018 3813 2093 3855 ex
2132 3787 2459 3855 Ritschelii
2496 3790 2765 3855 maxime

700 3894 782 3959 ad
810 3895 1147 3961 Bacchides
1198 3894 1670 3979 diligentissima
1706 3896 1994 3960 codicum
2030 3892 2401 3974 collatione,
2446 3893 2765 3958 interdum

700 3998 764 4062 in
824 3997 1003 4066 libris
1062 4003 1195 4067 Mss.
1262 3998 1780 4065 interlocutorum
1832 4000 2085 4063 nomina
2120 3996 2308 4088 plena
2354 4000 2650 4088 appingi,
2699 4015 2763 4065 et

699 4104 937 4171 mediae
977 4105 1129 4170 adeo
1159 4105 1425 4172 orationi
1460 4105 1776 4195 interponi
1818 4105 1917 4196 (cf.
1937 4129 1985 4172 e.
2013 4129 2067 4191 g.
2106 4102 2399 4172 Ritschel.
2433 4106 2514 4170 ad
2535 4103 2760 4172 Bacch.
