3123 5126
902 1174 1925 1329 ‘EUNUCHUS

504 1581 666 1648 Prol.
715 1605 803 1649 vs.
855 1585 975 1647 25:

505 1690 795 1757 Colacem
836 1695 972 1755 e‘sse
1016 1689 1220 1755 Naevi
1262 1696 1324 1752 et
1366 1689 1590 1752 Plauti
1630 1698 1898 1755 veterem
1936 1691 2243 1775 sa'lmlam.

408 1790 484 1859 In
530 1791 650 1857 hoc
703 1814 888 1857 versu
950 1793 1253 1856 incertum
1312 1806 1438 1870 est,
1497 1806 1709 1857 utrum
1768 1807 1914 1883 post
1958 1796 2165 1862 Naevi
2216 1816 2294 1859 an
2335 1808 2482 1885 post

408 1901 633 1965 Plauti
660 1898 740 1962 sit
784 1895 1310 1981 distinguendum.
1373 1893 1541 1961 Illud
1584 1920 1772 1987 quam
1814 1898 2023 1988 inepte
2062 1898 2205 1980 fiat,
2240 1900 2482 1985 egregie

409 2002 684 2079 ostendit
721 1998 1075 2089 Bentlejus3
1123 1999 1243 2064 hoc
1283 2003 1615 2091 quominus
1655 2016 2027 2083 statuamus,
2062 2006 2328 2096 impedit
2364 2029 2481 2071 nu·

408 2127 614 2171 merus
661 2104 1028 2192 singularis3
1066 2103 1376 2169 debuisset
1413 2107 1581 2169 enim
1629 2120 1817 2195 poeta
1857 2109 1921 2171 in
1966 2106 2203 2198 plurali
2239 2123 2481 2177 veteres

402 2214 693 2298 fabulas,-
752 2234 920 2276 nunc
970 2212 1136 2277 enim
1191 2209 1312 2275 hoc
1373 2211 1577 2276 dicere
1631 2211 1883 2278 videtur
1927 2214 2280 2296 Terentius,
2323 2217 2478 2283 Nae·

409 2319 585 2383 vium
630 2333 710 2395 et,
731 2317 1023 2382 Plautum
1075 2315 1413 2402 conjuncta
1458 2316 1647 2408 opera
1701 2340 1891 2395 unam
1933 2321 2249 2410 scripsisse
2286 2319 2476 2386 fabu-

404 2419 568 2500 lam,
620 2420 789 2512 quod
842 2443 968 2485 non
1030 2433 1122 2486 est
1175 2418 1545 2485 verosimile.
1619 2419 1935 2508 Bentlejus
1979 2425 2193 2508 igitur,
2251 2441 2323 2491 ut
2375 2426 2474 2491 his

406 2524 880 2593 difficultatibus
927 2525 992 2589 in
1042 2540 1360 2616 posterum
1403 2522 1834 2607 liberaremur,
1881 2531 2193 2619 reposuit:

494 2636 783 2700 Colacem
827 2641 964 2698 e‘sse
1007 2653 1233 2717 nempe
1277 2635 1499 2700 Plauti
1539 2644 1815 2700 veterem
1853 2636 2160 2720 fabulam.

402 2760 563 2829 quae
627 2740 985 2825 conjectura
1047 2738 1346 2803 audaciae
1407 2740 1663 2804 nomine
1724 2736 2050 2829 displicet3
2117 2742 2471 2808 Hermanno

400 2863 651 2933 quoque
712 2840 876 2907 illud
933 2863 1160 2926 nempe
1216 2842 1278 2907 h.
1331 2840 1372 2909 l.
1440 2844 1664 2930 frigere
1728 2843 2083 2909 videbatur.
2173 2848 2471 2936 Suspicor

396 2950 749 3014 Terentium
793 2946 1139 3036 scripsisse:
1222 3003 1223 3006 ,

491 3059 780 3123 Colacem
825 3065 961 3122 esse
1005 3055 1209 3120 Naevi
1251 3064 1365 3119 aut
1406 3055 1629 3120 Plauti
1672 3065 1943 3121 veterem
1981 3055 2290 3141 sa'balam.

397 3158 520 3226 hoc
582 3179 794 3227 sensu:
874 3160 1091 3225 »dixit
1148 3159 1576 3238 adversarius,
1641 3176 1878 3228 exstare
1937 3159 2222 3227 Colacem
2271 3164 2466 3229 Naevi

398 3278 566 3330 »aut
620 3262 825 3330 Plauti
881 3263 1050 3353 (nam
1099 3266 1423 3351 cujusnam
1474 3264 1738 3345 dixerit,
1802 3289 1927 3331 non
1978 3267 2125 3331 satis
2183 3267 2462 3355 memini)

397 3384 727 3435 »veterem
784 3368 1062 3434 fabulam
1124 3367 1331 3433 nescio
1385 3369 1631 3457 quam.''
1718 3368 2062 3433 Artificiose
2107 3369 2464 3449 Terentius,

399 3485 471 3537 ut
509 3468 702 3551 solet,
744 3475 878 3559 jam
921 3494 1086 3536 nunc
1134 3470 1400 3550 indicat,
1452 3494 1549 3553 se,
1585 3495 1722 3538 eam
1766 3469 2047 3537 fabulam
2091 3473 2267 3562 prius
2301 3475 2465 3540 Lati-

396 3600 544 3643 nam
594 3577 823 3642 factam
879 3573 1036 3656 esse,
1095 3577 1351 3641 omnino
1419 3579 1765 3663 ignorasse,
1825 3592 1896 3644 ut
1941 3599 2086 3642 mox
2148 3579 2462 3646 auditores

394 3679 583 3744 fidem
636 3677 756 3745 sibi
813 3678 1088 3745 habeant
1136 3677 1418 3757 faciliuS,
1479 3686 1884 3767 perneyanti,
1924 3703 1995 3748 se
2038 3686 2311 3763 scivisse,
2353 3705 2463 3752 eas

391 3788 649 3873 fabulas
704 3782 1100 3875 (Eunuchum
1142 3796 1223 3868 ,et
1288 3782 1597 3872 Colacem)
1658 3791 1863 3872 factas
1921 3791 2106 3872 prius
2165 3795 2454 3858 Latinas.

403 3892 681 3959 Veterem
704 3942 721 3971 ,
792 3890 1069 3980 adeoque
1127 3892 1422 3974 iqnotam.
1513 3887 1753 3964 Diffidit
1807 3891 1998 3975 igitur
2055 3905 2241 3979 poeta
2282 3895 2459 3984 quasi

393 3997 726 4062 memoriae
760 4018 923 4076 suae,
966 3993 1155 4085 plane
1195 4010 1266 4062 ut
1307 3997 1373 4061 in
1417 3996 1610 4062 Andr.
1656 3999 1700 4063 Ι.
1740 4004 1771 4063 1
1811 4021 1900 4063 vs.
1934 4000 2048 4062 59:
2090 4002 2457 4068 Phaedram

394 4109 509 4163 aut
565 4101 842 4167 Cliniam
903 4108 1019 4166 aut
1073 4101 1440 4166 Niceratum
1496 4103 1813 4180 dicebant,
1874 4103 1952 4167 ad
2017 4127 2199 4194 quem
2246 4103 2452 4170 locum

2009 4212 2046 4271 6
2074 4211 2101 4240 «ι
