3123 5126
1663 550 1741 611 10

916 743 1118 807 Ηόηιο
1159 744 1260 807 hio
1306 752 1401 807 est
1441 742 1653 806 ahu-ius
1674 794 1688 817 ,
1739 746 1816 805 dt
1855 761 1964 825 990
2010 746 2246 826 opinor.

657 839 782 907 duo
821 857 1141 934 sequentes
1177 840 1351 909 nulla
1389 845 1672 930 indigent
1715 843 2060 910 medicina:

921 950 1204 1013 U‘tinam
1249 954 1339 1014 ita
1372 971 1597 1016 essem.
1655 951 1848 1034 Optds
1881 972 2045 1035 quae
2076 953 2290 1036 facta!

916 1045 1174 1136 quno?
1220 1091 1306 1102 —-
1353 1058 1449 1120 Tu
1474 1059 1637 1122 istic.
1695 1060 1752 1123 U
1758 1058 1844 1122 ‘bi
1878 1058 2130 1123 bibisti?

653 1158 717 1221 in
775 1180 958 1223 versu
1018 1161 1100 1221 26
1163 1157 1387 1221 iterum
1431 1181 1654 1249 sequor
1707 1162 2129 1225 Hermannum
2166 1163 2296 1227 bibi
2331 1162 2710 1248 ejicientem:

913 1264 1246 1347 Nusquam
1272 1266 1572 1347 equidem.
1598 1304 1686 1313 -—
1716 1268 1882 1346 Quid
1911 1269 2023 1332 Mo
2052 1270 2136 1332 sit
2168 1269 2482 1333 honninis!

650 1387 861 1431 versus
893 1387 1154 1456 sequens
1194 1367 1279 1430 ita
1317 1367 1576 1432 fortasse
1614 1368 2031 1458 supplendus:

913 1474 1196 1556 equidem
1225 1474 1429 1537 decies
1463 1475 1612 1556 jdm
1658 1476 1771 1539 tibi
1800 1479 1939 1540 dixi

648 1587 757 1654 ubi
781 1587 942 1654 illud
966 1592 1103 1669 tihi,
1133 1587 1284 1653 latet
1305 1589 1561 1654 sortasse
1583 1591 1646 1653 in
1674 1590 1985 1656 vocabulo
2003 1592 2329 1682 bibi‚quod
2356 1615 2431 1658 ex
2459 1619 2711 1686 praece—

649 1695 820 1759 denti
844 1717 1027 1759 versu
1056 1694 1357 1783 expunxit
1381 1694 1803 1775 Hermannus;
1834 1694 2059 1779 legitur
2084 1698 2144 1760 in
2169 1721 2297 1763 uno
2321 1700 2550 1766 codice.
2591 1703 2705 1767 Se-

647 1813 924 1890 quuntur
947 1799 1195 1864 dimetri
1223 1801 1500 1890 quinque
1517 1850 1532 1879 ‚
1559 1801 1622 1863 in
1659 1798 1885 1891 quibus
1905 1815 1974 1865 ut
1992 1824 2202 1867 versus
2221 1819 2522 1886 constent,
2538 1804 2703 1871 nihil
2732 1821 2736 1825 “

646 1928 804 1995 opus
827 1920 918 1971 est
941 1904 1388 1984 mutare,modo
1413 1906 1661 1991 ejeceris
1683 1903 1947 1969 verbum
1964 1928 2116 1985 esse,
2134 1907 2304 1998 quod
2330 1908 2706 1978 damnarunt

643 2013 1013 2076 recentiores
1045 2033 1276 2089 omnes,
1305 2032 1729 2101 quoscumque
1755 2007 1852 2073 illi
1884 2012 2077 2076 secuti
2099 2014 2223 2076 sint
2244 2035 2549 2080 numeros.
2573 2018 2710 2080 Jam

644 2117 695 2181 si
716 2117 1024 2201 integrum
1042 2113 1253 2180 locum
1276 2114 1515 2199 legeris,
1537 2112 1858 2193 fateberiS‚
1883 2114 2068 2180 credo
2089 2166 2104 2192 ,
2143 2115 2420 2202 singulos
2440 2121 2707 2186 versicu-

642 2217 737 2285 los
768 2222 1083 2310 aptissime
1128 2222 1289 2285 inter
1334 2242 1632 2310 personas
1675 2218 1810 2284 heri
1852 2234 1913 2284 et
1957 2221 2120 2285 servi
2159 2243 2288 2286 esse
2326 2221 2706 2307 distributos,

643 2340 1023 2416 venusteque
1081 2327 1409 2415 impositos
1475 2348 1604 2390 esse
1698 2341 2005 2391 accentus.
2117 2325 2434 2391 Caeterum
2502 2327 2702 2395 locum

640 2429 812 2496 hunc
879 2434 1174 2497 tractanti
1241 2445 1302 2495 et
1350 2445 1588 2495 attento
1646 2432 1854 2494 animo
1906 2428 2135 2515 legenti
2186 2430 2491 2497 nonnulla
2551 2432 2700 2498 mihi

643 2533 1095 2627 displicebant,
1138 2534 1381 2602 leviora
1425 2533 1555 2616 illa,
1599 2537 1705 2602 sed
1750 2552 1955 2601 tamen
1982 2558 2109 2601 non
2142 2538 2705 2627 praetermittenda.

640 2641 916 2705 Primum
951 2643 1112 2705 servi
1170 2641 1604 2726 interrogatio:
1644 2663 1836 2727 eqone
1860 2655 1886 2706 ?
1935 2642 2045 2706 vix
2091 2641 2284 2708 ullam
2319 2641 2508 2707 habet
2544 2645 2666 2708 vim
2691 2693 2708 2723 ,

640 2745 763 2809 nisi
814 2745 1023 2810 statim
1070 2742 1310 2829 legatur
1353 2761 1499 2836 post
1542 2743 1654 2810 illa
1706 2746 2209 2836 Amphitruonis:
2245 2753 2429 2817 homo
2474 2753 2574 2817 hio
2617 2763 2728 2817 est-

643 2850 882 2929 ebrim,
939 2860 1013 2915 ut
1066 2871 1173 2934 990
1226 2853 1495 2933 Opinon
1549 2848 1776 2914 deinde
1819 2854 2010 2915 verba
2064 2857 2283 2936 ecquid
2318 2858 2554 2920 audis?
2613 2855 2708 2919 in-

641 2954 966 3020 commode
1015 2956 1529 3046 interponuntur,
1582 2956 1810 3049 quibus
1873 2958 2132 3036 demti5‚
2174 2954 2391 3023 melius
2435 2957 2708 3024 inculca-

641 3076 744 3125 tur
810 3059 970 3126 illud
1032 3066 1368 3144 παράδοξον
1413 3063 1586 3153 quod
1639 3062 1738 3127 his
1792 3063 1999 3127 Sosiae
2057 3059 2265 3126 verbis
2321 3065 2704 3128 continetur:

642 3169 816 3231 domi
850 3186 959 3250 990
991 3186 1136 3230 sum
1177 3169 1440 3251 inquam
1468 3216 1483 3245 ,
1524 3183 1588 3236 et
1625 3172 1796 3253 apud
1844 3181 1903 3234 te
1938 3189 2158 3234 assum
2195 3168 2380 3232 Sosia
2414 3172 2600 3233 idem.
2626 3170 2705 3235 cf.

642 3294 830 3361 supra
890 3294 979 3336 vs.
1054 3274 1135 3334 12
1186 3284 1248 3336 et
1306 3275 1385 3336 18
1442 3288 1503 3337 et
1556 3295 1702 3337 mox
1741 3297 1830 3338 vs.
1872 3275 1976 3336 46:
2026 3294 2147 3358 quo
2185 3276 2253 3338 id
2285 3283 2468 3356 pacto
2496 3284 2723 3357 potest·

639 3377 810 3463 fieri,
867 3399 1040 3445 nuno
1098 3382 1199 3444 uti
1251 3388 1319 3442 tu
1373 3379 1473 3442 hio
1514 3382 1605 3443 sis
1630 3427 1646 3456 ,
1697 3388 1760 3443 et
1793 3382 1965 3443 domi
1975 3390 2003 3442 ‚⁹
2046 3373 2157 3440 ubi
2197 3373 2536 3460 legendum¹
2574 3399 2704 3442 esse

641 3481 982 3547 contendo:
1047 3487 1147 3548 uti
1206 3491 1274 3547 tu
1319 3494 1380 3545 et
1422 3484 1522 3547 hio
1573 3486 1695 3561 sis,
1752 3496 1814 3546 et
1870 3487 2072 3561 domi,
2114 3496 2186 3545 ut
2230 3482 2295 3545 in
2337 3503 2523 3547 versu
2574 3504 2698 3572 seq.

641 3608 784 3653 sum
828 3590 1104 3673 profecto
1150 3600 1211 3650 et
1263 3589 1363 3651 hic
1402 3599 1468 3650 et
1510 3590 1631 3653 illi.
1727 3587 1835 3652 His
1877 3601 2081 3651 autem
2130 3587 2300 3652 vitiis
2333 3588 2384 3650 si
2422 3589 2525 3652 cui
2563 3587 2702 3677 pla·

640 3705 775 3755 ceat
813 3689 1076 3756 liberare
1115 3705 1397 3756 nostrum
1455 3691 1606 3779 (non
1650 3692 1816 3757 enim
1870 3689 2220 3771 intercedo,
2264 3693 2315 3757 si
2368 3694 2507 3782 quis
2547 3691 2699 3759 haec

637 3798 759 3886 ipsi
804 3793 1025 3860 Plauto
1070 3819 1256 3887 quam
1310 3794 1583 3860 librariis
1616 3796 1923 3885 imputare
1967 3793 2168 3883 malit)
2213 3796 2263 3861 is
2308 3796 2491 3861 facile
2535 3819 2699 3862 non-

638 3899 814 3965 nulla
879 3901 1343 3991 transponendo
1397 3914 1458 3964 et
1529 3923 1819 3966 numeros
1877 3922 2124 3965 servare
2188 3915 2249 3964 et
2302 3903 2695 3967 commodum

639 4027 885 4072 sensum
931 4003 1167 4071 efficere
1224 4007 1436 4094 possit.
1529 4007 1611 4069 Ut
1660 4003 1880 4070 melius
1919 4002 2303 4089 intelligatur
2323 4056 2337 4084 ,
2387 4007 2538 4097 quid
2581 4028 2697 4090 ego

640 4115 704 4177 in
747 4110 1001 4198 vulgata
1033 4110 1297 4178 lectione
1332 4109 1702 4190 desiderem,
1723 4106 2042 4198 paulisper
2079 4109 2326 4194 ingenio
2365 4109 2704 4195 indulgens-
