3123 5126
1436 566 1506 626 11

416 749 642 820 locum
692 748 993 817 exhibebo
1014 803 1029 832 ,
1104 775 1230 818 non
1284 754 1814 846 quemadmodum
1851 778 1886 819 a
1925 755 2147 822 Plauto
2190 761 2491 851 scriptum

416 883 563 927 esse
603 857 942 936 contendo,
987 856 1091 923 sed
1134 857 1659 943 quemadmodum
1701 858 1779 923 ab
1814 882 1887 926 eo
1921 863 2222 951 scriptum
2255 862 2486 930 malim·

600 1067 710 1130 AM
755 1068 959 1133 Homo
1003 1068 1103 1132 hio
1149 1078 1244 1133 est
1286 1069 1498 1135 dhrim
1522 1120 1538 1148 ,
1587 1075 1662 1135 at
1703 1090 1811 1154 090
1857 1073 2105 1154 opinor.

661 1174 704 1236 S
749 1164 1014 1257 qune?
1059 1172 1114 1235 A
1158 1183 1228 1239 tu
1272 1178 1436 1241 istic.
1488 1176 1529 1238 S
1577 1179 1829 1252 atinam
1873 1180 1965 1240 ita
2010 1198 2235 1243 essem.

656 1280 711 1343 A
760 1282 937 1360 Qude
977 1283 1148 1365 facta
1192 1288 1394 1361 optas.
1487 1279 1602 1342 aba·
1643 1279 1900 1344 bibisti?

662 1386 705 1448 S
749 1387 1037 1469 equidem
1080 1384 1398 1464 nusquam
1446 1380 1499 1443 A
1542 1383 1697 1466 quid
1740 1383 1855 1448 hoo
1901 1394 2000 1450 est
2041 1387 2345 1477 hominis!

663 1490 707 1552 S
752 1491 1038 1574 equidem
1083 1491 1283 1553 decies
1316 1490 1466 1573 jdm
1511 1489 1628 1553 tibi
1670 1492 1827 1554 dimi.

752 1585 994 1677 Ecquid
1037 1593 1221 1656 audis
1245 1601 1271 1654 ?
1315 1593 1487 1656 domi
1529 1611 1638 1675 eqo
1684 1613 1830 1656 sum
1873 1596 2135 1679 inquam
2161 1647 2176 1673 ,

753 1704 814 1761 e‘t
855 1698 1028 1779 apud
1071 1705 1130 1760 te
1172 1714 1394 1759 assum
1437 1694 1622 1760 Sosia
1666 1697 1856 1761 idem,

746 1800 952 1865 Sa'cin'
1002 1802 1115 1865 hoo
1157 1802 1350 1885 plano
1377 1850 1392 1876 ,
1444 1800 1613 1864 satin
1657 1801 1919 1879 diserte,

751 1907 934 1982 here,
986 1923 1159 1970 nuno
1202 1907 1417 1969 videor
1468 1901 1586 1968 cibi
1629 1905 1917 1970 locatus?

654 2009 709 2072 A
762 2012 938 2075 Vah!
983 2014 1180 2094 ἄραρε
1224 2020 1285 2075 te
1328 2030 1370 2074 a
1413 2030 1536 2075 me.
1588 2009 1630 2071 S
1675 2011 1827 2093 qaid
1870 2022 1965 2076 ost
2005 2017 2250 2098 neyoti?

422 2220 535 2285 Sed
603 2218 769 2284 nihil
830 2235 1032 2286 tamen
1087 2244 1201 2307 ego
1253 2220 1625 2284 mutaverim
1674 2234 1892 2285 contra
1951 2220 2210 2287 codices.
2303 2204 2489 2301 Quod

413 2338 623 2390 autem
676 2324 758 2388 ad
804 2340 1124 2415 sequentes
1174 2346 1387 2390 versus
1439 2323 1714 2405 adtinet,
1755 2322 1939 2390 facile
1978 2326 2043 2390 in
2085 2325 2331 2392 eosdem
2374 2349 2489 2392 nu·

407 2451 618 2494 meros
655 2432 871 2520 paucis
912 2433 1166 2496 mutatis
1204 2431 1448 2521 possint
1478 2430 1727 2513 refingi,
1752 2429 1859 2495 sed
1882 2449 2022 2494 cum
2056 2431 2119 2493 in
2156 2432 2230 2495 iis
2265 2453 2391 2494 non
2418 2453 2489 2495 ea

416 2534 505 2599 sit
544 2537 955 2616 concinnitas,
1008 2559 1166 2627 quae
1219 2537 1282 2601 in
1324 2534 1839 2625 praecedentibus
1885 2531 2195 2612 cernitur,
2227 2529 2488 2598 Bentleii

416 2637 700 2728 exemplo
738 2641 1094 2707 admonitus
1118 2694 1133 2723 ,
1176 2641 1281 2706 hic
1327 2639 1691 2721 subsistam,
1745 2639 2078 2730 locumque
2105 2637 2489 2705 felicioribus

412 2743 780 2837 relinquam.

1229 2949 1686 2959 —-——-—-—--

408 3059 484 3124 11.
529 3065 582 3125 1.
632 3082 722 3125 vs.
773 3063 810 3124 7
822 3063 876 3126 5.

498 3167 644 3231 Non
682 3166 849 3231 soleo
883 3185 991 3249 eqo
1041 3165 1462 3230 somniculose
1502 3165 1645 3229 heri
1671 3165 1939 3247 imperia
1970 3169 2291 3250 persequi.

403 3266 806 3335 scribendum
843 3267 1062 3332 credo:

497 3375 642 3440 Νόπ
697 3365 805 3457 e‘qo
828 3361 831 3370 ’
855 3375 1022 3439 soleo
1062 3373 1482 3438 somniculose
1522 3374 1666 3438 hori
1712 3374 1841 3439 mei
1872 3373 2137 3453 imperia
2173 3377 2484 3457 persequi.

411 3480 543 3542 mei
598 3476 970 3565 interposuit
1018 3473 1477 3539 Lindemannus
1510 3497 1525 3554 ;
1566 3487 1748 3553 recte,
1780 3475 1846 3538 ni
1890 3470 2091 3537 fallor.
2128 3473 2331 3563 Supra
2369 3474 2413 3538 1.
2446 3479 2476 3539 1

405 3606 499 3649 vs.
551 3586 693 3647 191.

498 3689 640 3754 Ηάσ
700 3708 771 3755 oo
797 3712 816 3751 .·
882 3690 1013 3753 mei
1084 3688 1223 3753 heri
1288 3707 1435 3752 sum
1480 3705 1716 3752 servos.
1811 3686 2141 3769 Numquid
2185 3704 2359 3751 nuno
2421 3706 2491 3752 es

1873 3821 1880 3824 ·
2215 3793 2487 3856 certior?

408 3894 519 3961 ubi
552 3893 717 3961 male
755 3896 1011 3983 ejiciunt
1049 3915 1412 3984 pronomen,
1503 3891 1905 3957 Inserendum
1948 3893 2206 3959 fortasse
2237 3895 2423 3960 etiam

408 4000 483 4063 11.
533 4003 588 4064 2.
629 4023 703 4066 vs
746 4003 860 4078 11,
903 3995 1013 4063 ubi
1056 3999 1476 4076 Hermannus,
1501 4012 1574 4063 ut
1595 3996 1972 4064 Bacchiacus
2004 4012 2348 4078 constaret,
2392 3999 2486 4064 in·

411 4107 597 4173 seruit
638 4128 980 4198 pronomen
1029 4124 1101 4171 eo
1129 4131 1147 4168 .-
