3123 5126
1421 538 1506 600 89

428 728 638 797 nescio
681 751 759 794 an
804 743 983 796 recte.
1040 730 1167 816 Ego
1195 727 1411 795 malim
1452 730 1586 795 sine
1615 728 2046 795 distinctione:
2088 739 2344 814 optume
2363 736 2504 816 ipsa

429 839 563 903 omit
603 838 821 921 sorau
884 837 961 901 cf.
1015 857 1162 900 mox
1224 837 1326 904 IV.
1379 840 1416 901 5
1458 860 1548 901 vs.
1595 839 1637 901 9
1689 837 1927 923 Syrum
1972 838 2204 920 optime
2258 858 2497 903 eccum.

429 940 502 1009 V.
541 945 580 1005 5
615 963 705 1007 vs.
750 945 787 1006 2
831 944 1104 1027 Optume
1136 944 1306 1026 ipsos
1336 946 1530 1009 video.
1592 940 1784 1006 Andr.
1819 941 1879 1005 11
1920 945 1948 1004 1
1995 962 2086 1006 vs.
2125 944 2210 1004 35
2254 942 2504 1008 Davom

426 1057 680 1132 optume
717 1050 910 1114 video,
962 1042 1169 1109 Plauti
1212 1044 1440 1135 Amph.
1487 1045 1593 1109 111.
1642 1047 1682 1108 3
1722 1067 1783 1109 v.
1820 1048 1858 1109 2
1908 1046 2203 1129 O‘ptumo
2240 1049 2502 1112 advenis

425 1165 573 1230 etc„
617 1150 684 1215 in
725 1150 955 1243 quibus
1007 1150 1307 1243 exemplis
1358 1151 1648 1218 omnibus
1684 1162 1941 1237 optumo
1985 1150 2149 1216 idem
2193 1164 2284 1217 est
2327 1151 2500 1241 quod

423 1267 789 1343 opportune.

1195 1390 1325 1400 ———

423 1452 525 1521 lv.
568 1455 606 1516 4
644 1474 735 1519 vs.
788 1459 867 1520 5:

507 1554 640 1622 Aut
674 1563 819 1624 mim
851 1569 1188 1626 venturam
1230 1563 1452 1626 dimero
1497 1570 1560 1627 ot
1593 1560 2025 1636 constitum-0,-
2062 1580 2208 1626 oum
2244 1563 2303 1626 is
2339 1569 2503 1627 certe

509 1666 934 1742 renuntiarit,
980 1665 1256 1750 Clitipho
1295 1687 1439 1733 oum
1484 1671 1556 1733 in
1599 1674 1719 1751 spe‘
1730 1668 2027 1752 pendebit
2063 1667 2283 1732 ciniani.

416 1764 614 1832 Bentl.
663 1770 743 1832 ad
788 1766 851 1832 h.
900 1765 939 1833 l.
973 1770 1182 1855 »Lege
1219 1792 1364 1835 cum
1405 1771 1707 1836 Goveano
1756 1784 1818 1835 et
1860 1768 2107 1859 Guyeto
2164 1778 2331 1835 certo
2368 1789 2496 1832 non

421 1892 455 1933 »
479 1881 660 1938 corte.
719 1872 877 1956 Lege
911 1872 1099 1937 etiam
1134 1875 1559 1940 Renuntiabit
1600 1888 1672 1938 ut
1718 1874 2090 1939 Pendebit.''
2154 1873 2288 1937 Imo
2320 1893 2502 1936 serva

421 1972 640 2063 utique
675 1976 1124 2054 Renunttarit,
1162 1988 1233 2039 ut
1262 1977 1506 2043 Dioeero
1540 1990 1604 2042 et
1634 1978 2030 2044 Constituero
2050 2025 2068 2055 ,
2112 1999 2271 2066 quae
2289 1976 2500 2041 omnia

420 2079 730 2144 actionem
783 2092 1280 2144 momentaneam
1336 2079 1658 2159 indicant3
1706 2094 1769 2145 et
1819 2093 1987 2146 recte
2035 2101 2286 2170 quoque
2331 2083 2502 2148 Pen-

420 2184 593 2249 debit
644 2203 773 2247 non
822 2185 1204 2269 Pependerit
1223 2234 1241 2263 ‚
1305 2184 1475 2274 quod
1530 2184 1815 2275 ineptum
1874 2184 2034 2250 adeo
2093 2185 2286 2266 soret3
2349 2208 2499 2251 nam

419 2310 581 2379 quae
612 2285 734 2353 hoo
768 2286 964 2354 verbo
995 2284 1554 2378 comprehenditur
1591 2291 1755 2352 actio
1786 2336 1804 2367 ,
1848 2309 1976 2352 non
2013 2309 2141 2354 uno
2180 2303 2499 2355 momento

415 2392 789 2461 absolvitur.
839 2396 972 2460 Hoc
1022 2415 1136 2479 ego
1186 2414 1309 2460 non
1341 2407 1689 2473 notassem,
1733 2392 1855 2459 nisi
1891 2393 2187 2460 vidissem
2227 2393 2496 2460 editores

417 2496 486 2566 h.
538 2498 579 2565 l.
612 2497 877 2588 Bentleji
910 2499 1267 2568 auctoritati
1311 2499 1495 2567 nimis
1543 2499 1736 2568 fuisse
1789 2497 2091 2567 addictos.

1190 2707 1253 2714 ——-

412 2810 516 2877 IV.
558 2811 606 2874 6
640 2831 737 2876 vs.
797 2813 824 2873 1
872 2832 963 2901 sq.
1084 2812 1092 2822 '

590 2915 790 2980 Nulla
827 2921 923 2981 e‘st
957 2924 1090 2981 tam
1122 2918 1335 3003 facilis
1373 2923 1471 2982 re's
1488 2963 1504 2992 ‚
1550 2917 1705 2999 quin
1740 2915 2013 3000 difficilis
2053 2915 2206 2990 siet,

594 3021 804 3099 Quam
845 3023 1087 3086 invitus
1118 3023 1341 3106 facias.

415 3123 576 3188 Leve
632 3122 698 3187 in
758 3122 859 3189 his
927 3122 1135 3189 verbis
1197 3123 1426 3188 vitium
1489 3119 1814 3211 hucusque
1861 3118 2049 3186 latuit
2106 3117 2487 3209 interpretes.

413 3232 494 3293 Ut
549 3224 740 3291 verba
803 3250 868 3293 se
920 3250 1089 3294 nunc
1150 3225 1421 3306 hahent,
1490 3225 1581 3289 ita
1640 3224 1846 3289 forent
1891 3222 2250 3311 jungenda:
2290 3223 2491 3289 Nulla

414 3352 540 3412 res,
561 3352 756 3418 quam
786 3336 1027 3401 invitus
1062 3337 1266 3421 facias
1293 3385 1310 3414 ,
1344 3345 1474 3403 tam
1511 3336 1724 3419 facilis
1740 3343 1852 3412 est,
1879 3337 2033 3417 quin
2069 3332 2338 3416 difficilis
2364 3333 2450 3394 sit
2467 3378 2486 3408 ,

412 3436 716 3501 sententia
775 3434 1062 3505 absurda.
1125 3437 1349 3518 Vides,
1421 3438 1680 3528 opinor,
1734 3432 2066 3522 legendum
2104 3455 2266 3501 esse:
2301 3453 2491 3518 quom

413 3544 655 3608 invitus
686 3544 907 3627 facias.

1176 3683 1638 3693 ———-——.--———.

410 3752 484 3821 V.
529 3756 569 3817 3
609 3773 699 3818 vs.
737 3753 811 3817 8:

1742 3857 1842 3920 So,
1891 3855 2025 3938 1390
2058 3856 2312 3921 nescio?

403 3962 516 4028 Cn.
580 3965 717 4040 Ιηιό
778 3966 900 4030 scis
963 3963 1177 4047 potius
1237 3981 1433 4047 quam
1486 3962 1739 4044 quidem
1802 3960 2019 4025 redeat
2049 3959 2133 4021 ad
2171 3959 2491 4041 inteqrum

1817 4063 1970 4129 haec
2008 4063 2226 4128 eadem
2269 4064 2487 4129 oratio.
