3123 5126
1103 1125 2052 1223 PRAEFATIO.

547 1591 779 1673 Erunt
811 1615 1078 1694 sortasse
1095 1658 1108 1683 ,
1154 1615 1295 1692 qui,
1339 1615 1598 1693 inspecto
1645 1613 1751 1671 boc
1793 1612 2203 1693 qualicumque
2241 1611 2463 1681 libello,
2500 1630 2616 1670 non

547 1721 751 1778 leviter
788 1716 1213 1797 reprehendant
1262 1737 1449 1777 meam
1487 1717 1581 1776 vel
1618 1719 1992 1777 temeritatem
2032 1716 2125 1775 vel
2172 1719 2578 1798 arrogantiam
2598 1762 2613 1787 ‚

547 1818 700 1897 quod
721 1819 789 1875 in
814 1817 1019 1896 prima
1052 1815 1164 1874 bac
1184 1806 1410 1874 virium
1419 1816 1863 1896 periclitatione
1882 1862 1895 1887 ‚
1942 1827 2124 1875 artem
2144 1817 2311 1897 longe
2326 1819 2614 1897 gravissi-

548 1935 730 1986 mam,
752 1914 1031 1994 longeque
1071 1911 1492 1989 difficillimam
1514 1958 1528 1985 ‚
1564 1916 1841 1973 criticam
1866 1914 2000 1972 dico
2018 1958 2032 1984 ,
2061 1915 2151 1972 ita
2167 1917 2614 1994 factitaverim,

555 2027 617 2073 ut
647 2012 813 2071 nulla
850 2030 970 2068 non
1000 2012 1236 2091 pagina
1277 2010 1437 2071 locus
1475 2012 1568 2072 vel
1606 2012 1819 2072 Plauti
1852 2013 1944 2070 vel
1985 2011 2243 2070 Terentii
2285 2016 2619 2094 conjectura

558 2121 945 2183 tentatus„aut
982 2111 1258 2170 adversus
1287 2113 1544 2172 aliorum
1565 2115 1930 2193 conjecturas
1971 2110 2312 2168 vindicatus
2352 2113 2449 2168 sit.
2500 2112 2618 2169 His

561 2233 664 2293 ego
707 2211 986 2279 breviter,
1019 2222 1083 2269 ut
1115 2232 1209 2271 res
1239 2212 1499 2290 postulat
1531 2254 1545 2280 ,
1588 2209 1942 2289 respondeo:
1982 2227 2100 2264 non
2126 2206 2268 2265 adeo
2313 2206 2617 2284 difficilem

555 2320 612 2367 et
643 2307 889 2367 arduam
929 2330 1015 2367 me
1055 2310 1377 2388 suscepisse
1398 2309 1812 2388 provinciam,
1842 2326 1913 2365 ac
1946 2304 2149 2384 prima
2191 2305 2383 2383 specie
2424 2304 2621 2363 videri

544 2407 734 2485 possit
738 2428 768 2477 ,·
824 2424 963 2464 nam
1018 2417 1198 2465 totum
1253 2408 1490 2487 quidem
1555 2409 1899 2487 scriptorem
1959 2406 2039 2463 ad
2096 2414 2280 2463 artem
2342 2407 2615 2463 criticam

549 2512 818 2561 emactum
858 2501 1025 2560 edere
1062 2505 1121 2561 si
1161 2504 1309 2563 velis
1333 2549 1347 2576 ,
1379 2525 1520 2563 sane
1558 2505 1701 2563 baec
1734 2506 1934 2563 omnia
1972 2503 2184 2562 habeas
2217 2523 2445 2562 necesse
2495 2504 2621 2576 est,

550 2603 905 2681 exquisitam
935 2601 1266 2661 doctrinam
1288 2646 1301 2673 ,
1343 2602 1647 2662 subactum
1669 2603 1982 2685 judicium
2002 2648 2017 2675 ,
2050 2602 2484 2684 felicissimum
2506 2603 2620 2662 'in-

543 2701 789 2781 genium
807 2721 835 2771 ;
873 2698 1090 2778 quibus
1119 2700 1388 2759 omnibus
1420 2721 1598 2781 quam
1631 2702 2005 2762 mediocriter
2035 2722 2140 2784 ego
2159 2703 2278 2760 sim
2295 2703 2620 2760 instructus

538 2799 722 2879 probe
754 2791 1060 2877 intelligo.
1136 2797 1256 2857 Sed
1315 2801 1484 2881 longe
1528 2823 1622 2861 res
1668 2802 1843 2862 aliter
1896 2812 2234 2882 comparata
2285 2811 2371 2861 est
2389 2845 2405 2872 ‚
2461 2803 2520 2858 si
2549 2821 2622 2860 ea·

546 2918 664 2958 uno
704 2896 955 2978 quodam
976 2895 1329 2976 pluribusve
1355 2900 1743 2978 scriptoribus
1785 2901 1913 2960 loca
1953 2901 2142 2980 eligas
2179 2910 2279 2958 tuo
2314 2898 2564 2958 arbitrio
2585 2922 2614 2970 ,-

552 2998 644 3054 sic
693 2997 853 3054 enim
910 2991 1296 3069 difficiliora,
1346 3015 1493 3075 quae
1535 3015 1655 3055 non
1700 2998 1828 3054 nisi
1885 3017 1957 3054 ea·
2000 2997 2216 3054 intima
2258 2994 2617 3053 eruditionis

551 3096 723 3175 copia
762 3103 868 3152 aut
903 3091 1199 3153 illustrari
1242 3105 1520 3174 possunt,
1575 3106 1679 3153 aut
1732 3094 2059 3165 emendari,
2106 3098 2321 3154 tacitus
2353 3105 2622 3175 praeter—

552 3195 778 3251 mittere
796 3215 823 3264 ,·
843 3190 1145 3271 faciliora
1186 3202 1415 3262 contra,
1444 3212 1655 3272 eaque,
1698 3212 1945 3272 quorum
1971 3192 2066 3249 vel
2099 3190 2395 3251 meliorem
2433 3193 2621 3250 inter·-

545 3293 937 3372 pretationem
960 3335 973 3360 ,
1022 3292 1115 3350 vel
1145 3295 1538 3372 conjecturam
1570 3294 1763 3372 magis
1785 3289 2151 3371 probabilem
2179 3291 2350 3370 forte
2363 3291 2623 3368 fortuna

553 3393 854 3450 inveneris
872 3433 885 3458 ,
929 3407 1001 3446 ex
1044 3390 1344 3449 industria
1378 3402 1628 3450 tractare
1657 3401 1825 3470 potes
1838 3413 1865 3461 ,·
1904 3410 2255 3469 quamquam
2288 3409 2408 3447 non
2440 3388 2626 3447 dissi-

555 3491 713 3550 mulo
758 3509 948 3548 meum
996 3492 1291 3571 inceptum
1330 3493 1437 3553 boc
1472 3502 1664 3552 tamen
1699 3491 1972 3550 babuisse
2017 3489 2388 3567 difficultatis
2412 3534 2425 3559 ‚
2472 3487 2627 3569 quod

553 3601 893 3649 accuratam
929 3610 1330 3661 numerorum,
1375 3590 1592 3670 quibus
1632 3589 1889 3648 Plautus
1929 3600 1985 3647 et
2013 3588 2313 3647 Terentius
2350 3588 2450 3645 usi
2468 3596 2623 3657 sunt,

555 3688 708 3746 mibi
748 3708 1083 3769 comparare
1119 3687 1390 3747 debebam
1425 3689 1732 3756 notitiam,
1796 3707 1913 3766 qua
1946 3685 2253 3745 destitutus
2275 3686 2624 3765 quicumque

554 3785 650 3844 liis
676 3786 870 3864 poetis
916 3784 1292 3844 emendandis
1350 3785 1488 3843 dare
1532 3805 1589 3842 se
1624 3786 1767 3843 velit
1788 3829 1802 3853 ,
1848 3804 1960 3843 nae
1997 3784 2098 3843 ille
2129 3805 2252 3843 una
2286 3803 2461 3863 opera
2494 3785 2623 3840 sine

543 3884 762 3964 pennis
803 3882 998 3941 volare
1038 3904 1098 3941 se
1128 3885 1395 3962 postulet.
1479 3883 1559 3941 Id
1613 3884 1805 3963 igitur
1850 3903 2086 3962 operam
2128 3882 2303 3952 dedi,
2348 3892 2443 3952 ut,
2479 3901 2627 3961 quae

555 3983 862 4041 Bentleius
894 3985 963 4041 in
1012 3983 1275 4043 Terentio
1306 4006 1447 4054 suo,
1501 3994 1556 4041 et
1597 3983 1970 4048 Hermannus
2027 3984 2096 4038 in
2136 3981 2459 4039 Elementis
2497 3989 2621 4037 tra—

558 4080 834 4138 diderunt
877 4083 968 4139 rei
1016 4083 1289 4141 metricae
1333 4090 1679 4163 praecepta,
1733 4101 1802 4138 ea
1849 4082 2086 4161 cognita
2123 4079 2387 4137 haberem
2405 4124 2417 4147 ,
2463 4085 2518 4136 et
2557 4098 2627 4135 cx

561 4179 838 4258 diligenti
895 4180 1249 4239 comicorum
1311 4181 1554 4239 lectione
1616 4178 2035 4256 confirmarem.
2108 4176 2186 4235 In
2242 4174 2628 4257 dijudicando
