3123 5126
1378 555 1451 619 91

378 746 723 834 intelliges,
791 748 844 813 si
897 746 1094 833 fingas
1153 749 1491 814 Sostratam
1535 752 1672 837 jam
1718 764 2051 840 antequam
2101 749 2162 813 in
2202 768 2450 816 scenam

377 854 711 947 prodiisset
765 854 931 919 intus
1005 853 1295 918 maritum
1356 876 1534 918 suum
1593 852 1966 942 objurgasse.
2027 856 2191 920 Haec
2259 857 2450 942 igitur

379 959 837 1051 simplicissima
871 971 932 1025 et
974 958 1241 1023 maxime
1286 957 1589 1024 naturalis
1625 973 1716 1025 est
1752 957 1939 1047 hujus
1981 957 2106 1023 loci
2150 961 2453 1051 interpre-

379 1066 568 1144 tati0,
608 1085 795 1156 quam
827 1083 954 1128 non
1009 1062 1330 1150 corrumpi
1363 1075 1423 1126 et
1461 1060 1787 1141 offuscari,
1836 1063 1942 1130 sed
1987 1065 2272 1153 adjuvari
2302 1088 2453 1131 con-

370 1171 614 1253 jectura
661 1184 723 1235 et
771 1166 1161 1233 corroborari
1219 1181 1497 1258 oportet,
1548 1168 1889 1260 eademque
1949 1191 2137 1261 opera
2200 1194 2451 1237 versum

376 1277 540 1366 pede
598 1275 1025 1342 abundantem
1090 1274 1407 1340 emendari
1464 1284 1707 1341 necesse
1776 1289 1890 1342 est.
2009 1279 2172 1343 Haec
2239 1279 2450 1342 omnia

380 1394 749 1447 consecutus
783 1380 970 1446 fueris
989 1430 1007 1461 ,
1039 1382 1089 1446 si
1113 1391 1245 1471 'pro
1276 1384 1361 1445 ad
1394 1383 1712 1465 integrum
1743 1381 2059 1470 scripseris
2083 1386 2160 1449 de
2179 1386 2452 1467 inteqro:

378 1488 519 1552 Imo
541 1490 666 1553 scis
679 1490 894 1571 potius
918 1486 1109 1573 quom
1134 1487 1387 1571 quidem
1409 1488 1712 1551 redeacde
1734 1487 1976 1571 {nisyro
2001 1492 2214 1554 eadem
2239 1489 2457 1554 ordtae’o.

2153 1591 2258 1654 So.
2312 1590 2451 1655 Oh!

377 1695 480 1760 De
522 1698 764 1782 inteqro
823 1716 1004 1785 saepe
1062 1694 1231 1785 apud
1278 1708 1560 1760 nostrum
1585 1745 1601 1774 ,
1648 1699 1732 1760 ad
1773 1699 2091 1780 inteqrwm
2140 1718 2218 1761 ne
2268 1694 2452 1762 semel

378 1797 649 1888 quidem.
740 1800 862 1864 Sed
918 1799 1083 1864 dices
1146 1800 1405 1864 sortasse
1448 1795 1884 1865 violentiorem
1921 1798 2095 1865 ‚banc
2142 1822 2269 1865 esse
2308 1822 2456 1865 con-

371 1905 713 1990 jecturam,
767 1926 880 1968 nec
943 1925 1072 1967 esse
1127 1901 1446 1981 credibile,
1484 1900 1773 1968 librarios
1829 1905 2136 1970 notiorem
2191 1906 2454 1971 formam

379 2013 458 2074 de
515 2011 757 2093 inteqro
821 2008 885 2070 in
952 2008 1159 2072 minus
1218 2022 1433 2072 notam
1500 2012 1586 2073 ad
1649 2000 1967 2093 integjrum
2029 2025 2454 2075 commutasse.

379 2113 594 2176 Restat
635 2111 824 2195 igitur
868 2124 939 2176 ut
980 2109 1302 2176 luculento
1342 2108 1628 2199 exemplo
1683 2098 2006 2176 ostendam
2044 2117 2121 2178 de
2161 2127 2222 2177 et
2270 2116 2354 2177 ad
2390 2110 2454 2174 in

381 2214 514 2280 Mss.
534 2214 719 2281 facile
736 2215 1040 2282 confundi
1066 2216 1358 2305 potuisse.
1405 2213 1595 2304 Apud
1617 2229 1898 2280 nostrum
1921 2215 2113 2280 Andr.
2132 2216 2176 2280 1.
2202 2218 2239 2279 2
2257 2238 2346 2281 vs.
2375 2215 2454 2279 18

382 2335 526 2385 ante
569 2318 916 2408 Bentlejum
964 2318 1159 2406 vulgo
1207 2318 1557 2405 legebatur:

464 2427 653 2493 Nunc
674 2429 778 2492 hic
804 2430 937 2492 dies
957 2427 1154 2490 aliam
1173 2428 1368 2489 vitam
1414 2426 1642 2510 adsint,
1693 2424 1854 2488 (ilios
1878 2444 2084 2489 mores
2113 2425 2408 2507 postulat.

383 2552 595 2596 omnes
644 2530 901 2595 omnino
947 2527 1094 2594 libri
1146 2529 1281 2594 Mss.
1332 2525 1494 2591 hanc
1542 2524 1872 2592 lectionem
1919 2542 2275 2593 constanter
2317 2541 2457 2592 tue-

383 2634 653 2714 bantur3
690 2655 804 2698 nec
840 2631 1171 2722 quisquam
1208 2645 1371 2711 erat,
1409 2630 1517 2721 qui
1559 2629 1788 2696 vitium
1835 2632 2219 2711 odoraretur3
2258 2630 2457 2696 donec

383 2735 698 2824 Bentlejus
744 2759 818 2801 ex
862 2736 1155 2802 Cicerone
1200 2759 1412 2802 veram
1460 2733 1791 2800 lectionem
1838 2734 2140 2827 protulit:
2257 2721 2268 2730 ⁸

384 2846 571 2911 Nunc
615 2845 716 2909 Mc
760 2846 895 2910 dios
939 2846 1136 2908 oliam
1179 2843 1378 2907 vitam
1422 2843 1647 2927 desert,
1698 2844 1858 2907 cilios
1905 2863 2113 2907 mores
2151 2843 2451 2924 postulat.

388 2970 512 3037 qua
552 2945 819 3012 lectione
860 2960 920 3012 et
945 2945 1292 3011 numeriet
1337 2967 1548 3010 sensus
1615 2959 1742 3009 tam
1785 2947 2025 3030 egregie
2065 2958 2462 3011 sutentantur

386 3069 449 3120 et
480 3054 845 3139 eriguntur,
886 3067 957 3117 ut
997 3073 1252 3142 prorsus
1295 3049 1572 3114 dubitari
1617 3072 1742 3114 non
1784 3050 2126 3140 possimus,
2177 3049 2329 3140 quin
2369 3049 2458 3115 sic

385 3159 706 3226 Terentius
753 3157 1086 3247 scripserit.
1171 3156 1342 3237 Quid
1396 3156 1556 3221 inter
1598 3171 1928 3247 utramque
1968 3154 2297 3222 lectionem
2357 3154 2461 3219 in-

331 3297 337 3308 *
387 3277 637 3331 teresset
683 3263 855 3354 quod
900 3263 980 3326 ad
1026 3284 1351 3342 numeros,
1405 3261 1646 3346 egregie
1696 3260 1913 3327 docuit
1955 3257 2305 3347 Bentlejus3
2351 3259 2460 3326 sed

388 3368 470 3434 ad
511 3368 880 3433 sententiam
920 3390 1168 3460 quoque
1223 3369 1356 3458 ipse
1412 3366 1622 3446 vides,
1678 3363 1879 3431 multo
1938 3363 2280 3451 elegantius
2331 3387 2461 3430 esse

388 3475 606 3558 defert.
667 3468 823 3536 Nam
868 3475 1076 3559 adfert
1109 3471 1171 3537 h.
1214 3470 1260 3537 l.
1303 3471 1680 3557 significaret
1713 3483 1932 3556 sponte
1967 3491 2087 3536 sua
2128 3474 2238 3538 dat
2272 3471 2460 3537 etiam

388 3575 640 3644 nolente
698 3589 759 3641 et
822 3576 1024 3641 invito
1080 3573 1245 3654 filio,
1306 3576 1478 3668 quod
1531 3590 1593 3641 et
1643 3597 1755 3666 per
1794 3598 1857 3641 se
1898 3575 2180 3664 ineptum
2220 3589 2346 3654 est,
2397 3588 2462 3640 et

391 3683 540 3776 quia
586 3680 866 3771 sequitur
907 3682 971 3745 in
1011 3703 1101 3746 vs.
1145 3684 1225 3746 19
1261 3679 1369 3747 illa
1409 3682 1488 3746 ad
1532 3681 1772 3746 Davom
1797 3681 2167 3759 admoniti0,
2198 3678 2462 3763 attilius

375 3791 525 3876 jam
568 3789 784 3851 redeat
825 3788 895 3851 in
938 3789 1142 3868 viam,
1201 3807 1359 3877 quae
1398 3787 1486 3852 sic
1529 3784 1718 3876 plane
1762 3799 1918 3853 esset
1963 3805 2462 3876 supervacanea3

390 3893 594 3977 defert
638 3901 856 3952 contra
903 3888 1065 3954 idem
1105 3890 1230 3957 fere
1279 3905 1370 3955 est
1422 3890 1594 3981 quod
1645 3895 1943 3969 mandat,
1989 3893 2249 3968 suadac,
2300 3908 2465 3954 oom-

391 3999 677 4072 mendat,
714 3991 903 4083 idque
939 4015 1150 4061 sensus
1185 3994 1318 4084 ipse
1354 3995 1615 4085 requirit
1647 4009 1709 4060 et
1744 4018 2003 4087 sequens
2033 3998 2330 4080 postulat.
2374 3994 2462 4057 Eo

393 4099 584 4185 igitur
623 4095 796 4177 loeo,
841 4097 1073 4189 absque
1111 4098 1404 4165 Cicerone
1437 4114 1624 4180 esset,
1669 4099 1853 4165 etiam
1895 4101 2083 4168 hodie
2123 4100 2460 4183 legeremus
