3123 5126
1383 514 1416 572 7

326 703 719 770 octonarius
768 701 1057 792 'plenu53
1114 705 1498 793 praecedunt
1554 705 1920 785 Bacchiaci3
1978 720 2250 771 mutatur
2293 731 2423 773 ver-

328 829 536 877 suum
608 829 836 892 genus,
904 821 1144 873 mutato
1210 810 1506 875 orationis
1553 808 1779 875 colore.
1869 812 2006 874 Jam
2061 810 2215 899 quid
2268 827 2440 878 esset-

329 911 660 1001 ineptius‚
705 934 898 1002 quam
932 913 1031 1000 (ex
1066 908 1323 996 vulgata
1373 909 1661 998 lectione)
1750 914 2032 978 Mercurii
2079 918 2420 982 orationem

332 1039 471 1081 non
517 1017 694 1081 intra
736 1017 965 1080 cantici
1005 1018 1301 1082 terminos
1340 1018 1689 1097 continere,
1734 1019 1842 1083 sed
1875 1044 1989 1110 per
2022 1020 2194 1086 aliud
2236 1025 2423 1088 etiam

329 1116 530 1205 longe
566 1120 895 1186 diversum
935 1142 1333 1186 numerorum
1365 1142 1555 1204 genus
1598 1122 1994 1205 continuare,
2042 1129 2125 1191 ita
2168 1144 2238 1192 ut
2270 1153 2420 1219 par-

332 1240 465 1290 tem
512 1227 719 1291 etiam
749 1225 1009 1316 impleat
1048 1226 1366 1291 octonarii.
1461 1227 1757 1291 Dissentit
1797 1242 2002 1296 tamen
2050 1234 2420 1298 Lindeman-

329 1353 454 1396 nus
479 1383 498 1411 ,
564 1334 756 1418 cujus
796 1354 911 1416 ego
967 1333 1031 1395 in
1071 1331 1189 1395 hac
1235 1354 1300 1395 re
1332 1331 1634 1394 rationem
1669 1331 1938 1422 probare
1980 1359 2106 1400 11011
2148 1359 2418 1427 possum.

328 1434 492 1500 Cum
549 1436 731 1501 enirn
787 1434 891 1501 hic
962 1460 1173 1502 versus
1223 1434 1461 1502 nullam
1509 1436 1739 1502 habeat
1796 1441 1966 1530 quod
2006 1441 2087 1504 ad
2132 1464 2421 1506 numeros

340 1535 790 1603 difficultatem
814 1591 831 1619 ‚
882 1542 1383 1631 praecedentium
1446 1566 1595 1607 vero
1659 1544 2005 1609 intricatior
2077 1549 2157 1612 sit
2220 1550 2379 1613 ratio
2403 1601 2419 1629 ,

341 1642 823 1709 Lindemannus
883 1643 998 1710 hos
1068 1647 1320 1737 quidem
1394 1649 1541 1713 satis
1617 1647 1908 1713 audacter
1977 1651 2246 1732 refinxit,
2321 1678 2419 1719 se—

345 1750 637 1815 cundum
694 1771 981 1815 normam
1024 1753 1359 1842 quamdam
1408 1752 1487 1817 ab
1533 1755 1670 1843 ipso
1717 1769 1941 1821 temere
1982 1760 2417 1839 constitutam3

347 1878 492 1933 cum
550 1877 711 1935 vero
763 1854 910 1920 huic
959 1858 1186 1921 rationi
1244 1857 1673 1925 adversaretur
1730 1883 1941 1924 versus
1986 1877 2220 1941 noster,
2248 1864 2417 1929 hunc

348 1959 613 2051 plenum
678 1962 1073 2052 numerisque
1109 1962 1234 2027 suis
1266 1961 1622 2029 absolutum
1666 1963 1954 2030 mutilare
2001 1989 2128 2032 nou
2176 1969 2422 2035 dubita-

358 2069 492 2147 vit,
544 2082 622 2133 ut
680 2090 930 2132 causam
984 2090 1157 2132 suam
1210 2069 1273 2130 in
1322 2069 1638 2157 prioribus
1692 2068 2012 2134 obtineret.
2103 2073 2238 2135 Jam
2297 2072 2437 2136 hoc.

367 2171 618 2252 ferrem,
687 2172 738 2237 si
807 2171 1241 2261 praecedentes
1305 2170 1446 2236 illos
1513 2174 1599 2235 ita
1653 2174 2068 2236 constituisset
2122 2189 2188 2236 ut
2229 2174 2304 2237 de
2340 2177 2416 2241 iis

368 2298 444 2340 ne
486 2276 745 2342 dubium
787 2275 1040 2367 quidem
1075 2274 1561 2368 relinqueretur3
1608 2291 1671 2341 at
1717 2273 1823 2341 ille
1864 2277 2139 2367 primum
2185 2280 2337 2343 mire
2356 2304 2420 2346 se

363 2397 655 2476 torquens
721 2384 967 2447 diversa
1026 2404 1425 2446 numerorum
1470 2404 1692 2467 genera
1761 2384 2124 2468 conjunxit,
2196 2384 2446 2450 deinde'

362 2490 663 2553 creticum
719 2485 968 2552 induxit
1022 2499 1465 2578 tetrametrum.
1500 2484 2070 2575 hypercatalectum
2099 2537 2115 2566 ,
2172 2510 2419 2552 versum

366 2593 711 2658 inauditum
769 2613 1068 2683 auresque
1116 2589 1478 2656 laedentem.
1571 2593 1759 2656 Recte
1791 2591 2060 2656 Weisius
2104 2593 2420 2657 octonari-

363 2722 466 2764 um
521 2700 827 2778 restituit,
895 2697 1002 2762 sed
1044 2699 1107 2760 in
1155 2719 1564 2787 personarum
1607 2694 1965 2761 nominibus
2015 2693 2177 2759 nihil
2220 2712 2420 2762 muta-

358 2805 466 2869 vit.
560 2803 823 2869 Ultimos
867 2802 1093 2866 cantici
1149 2826 1362 2868 versus
1417 2803 1582 2868 idem
1614 2802 1819 2867 Plauti
1871 2803 2071 2866 editor
2099 2823 2225 2865 non
2257 2817 2418 2868 recte

356 2910 722 2989 constituit3
757 2907 1219 2998 pronunciandi
1266 2923 1438 2987 sunt,
1485 2909 1551 2972 ni
1598 2904 1814 2984 fallor,
1861 2906 1981 2968 hoc
2028 2906 2242 2969 modo:

821 3017 1014 3080 Pater
1058 3015 1375 3078 servimus
1424 3009 1667 3098 (Bacch.
1712 3009 1903 3094 dim).

602 3121 724 3187 Hic
769 3124 882 3206 qui
923 3139 1119 3185 verna
1162 3116 1435 3182 adtus'st
1475 3121 1759 3202 queritur
1803 3113 2022 3204 (troch.
2066 3113 2236 3204 dim.)

349 3227 587 3321 quibus
639 3241 765 3291 tres
807 3222 1188 3314 praecedunt
1241 3219 1567 3285 Bacchiaci
1619 3235 1855 3286 tetram.
1946 3220 2048 3284 Sic
2088 3243 2214 3286 non
2258 3243 2415 3310 opus

348 3348 446 3399 est
495 3354 639 3397 cum
698 3328 1123 3396 Lindemanno
1183 3323 1323 3390 illa:
1393 3349 1539 3393 sum
1584 3348 1729 3393 vero
1771 3323 2050 3407 rejicere,
2107 3340 2213 3389 aut
2274 3348 2416 3410 cum

351 3436 597 3502 Weisio
628 3437 801 3522 justo
847 3431 1195 3498 breviorem
1242 3429 1536 3497 inducere
1575 3429 1933 3499 clausulam.

355 3766 400 3829 1.
456 3768 509 3826 1.
560 3783 647 3827 vs.
700 3763 848 3850 262..

449 3974 573 4040 Sed
616 3974 768 4058 quid
811 3974 950 4038 ais?
995 3973 1146 4055 quid
1188 3970 1633 4054 Amphitruoni
1665 3990 1706 4033 a
1734 3971 2011 4036 Telebois
2038 3974 2256 4037 datum
2282 3980 2417 4037 est?

362 4076 539 4142 Hunc
601 4098 851 4143 versum
909 4064 1279 4165 quamquam
1346 4071 1526 4139 facile
1578 4073 1894 4141 restituere
1949 4077 2145 4164 possis
2187 4073 2413 4139 verbo-
