3123 5126
1029 1162 1815 1264 HECYRA.

466 1605 540 1671 ΙΙ.
594 1609 623 1668 1
678 1626 766 1669 vs,
819 1606 935 1667 16:
1191 1660 1196 1672 .

386 1710 483 1776 Tu
527 1714 662 1776 sala
707 1729 999 1785 emorero,
1066 1708 1228 1789 qudo
1269 1704 1601 1787 perturbes
1646 1704 1800 1768 Ιιάοο
1846 1712 1955 1767 tua
1998 1703 2451 1786 imprudentia.

377 1812 566 1876 Miror
600 1807 949 1897 Bentlejum
986 1805 1404 1899 plurim-orum
1438 1806 1727 1871 codicum
1762 1803 2096 1871 lectionem
2126 1808 2457 1890 impuden-

379 1921 470 1982 tia
535 1914 933 1980 contemsisse
985 1935 1137 2001 prae
1198 1934 1298 1991 ea,
1353 1933 1543 2001 quam
1614 1924 1737 1974 tres
1796 1907 1943 1973 libri
1999 1906 2454 1998 praebuerunt:

320 2088 325 2093 ,
378 2021 852 2103 imprudentia,
900 2018 1071 2107 quod
1118 2015 1272 2081 mihi
1321 2016 1575 2107 quidem
1619 2015 1868 2080 videtur
1913 2014 2151 2077 dictum
2190 2010 2458 2078 clemen-

382 2124 509 2188 tius
574 2145 609 2185 a
667 2144 810 2188 sene
867 2122 1219 2187 iratissimo.
1311 2120 1515 2201 Quam
1568 2119 1735 2184 enim
1786 2116 1975 2182 modo
2038 2115 2150 2204 (vs,
2198 2114 2260 2203 7)
2308 2116 2455 2180 satis

381 2241 551 2294 certo
588 2250 652 2293 se
702 2228 858 2292 scire
904 2227 1145 2291 dixerat
1189 2227 1449 2290 malitae
1494 2245 1631 2290 esse
1677 2225 2081 2307 maqistram,
2125 2222 2303 2306 cujus
2339 2241 2458 2309 pro

377 2332 558 2396 factis
598 2334 853 2397 nultum
879 2334 1116 2396 dictum
1143 2333 1258 2395 icta
1281 2331 1544 2412 diqnum
1570 2326 1825 2417 reperiri
1850 2322 2031 2417 posse
2050 2324 2457 2389 contenderat

387 2439 502 2525 (vs,
549 2438 678 2522 12),
709 2435 764 2499 ei
809 2456 977 2499 nunc
1022 2433 1265 2499 nullam
1302 2432 1556 2523 culpam
1597 2432 2037 2523 exprobraret,
2080 2432 2187 2498 sed
2223 2431 2461 2520 impru-

389 2540 663 2605 dentiam
698 2544 992 2628 tantum?
1035 2553 1097 2605 et
1136 2562 1209 2605 eo
1247 2537 1441 2605 verbo
1477 2560 1623 2606 usus
1664 2552 1821 2604 esset
1858 2556 2042 2604 senex
2060 2548 2458 2626 exasperatus

388 2644 470 2709 ad
498 2642 1074 2735 exprobrationem,
1113 2666 1237 2736 quo
1275 2645 1409 2734 ipsa
1442 2642 1667 2710 mulier
1704 2644 1797 2708 uti
1841 2643 2143 2733 potuisset
2165 2642 2244 2706 ad
2268 2663 2461 2707 excu-

383 2752 738 2819 sationem?
807 2755 964 2819 Nam
1027 2767 1191 2818 recte
1257 2753 1537 2819 Donatus
1596 2750 1758 2816 infra
1820 2749 1900 2814 ad
1962 2747 2065 2816 IV.
2126 2748 2156 2810 1
2212 2769 2299 2811 vs.
2346 2746 2458 2808 182

385 2882 419 2922 »
450 2862 881 2942 imprudentia
919 2857 983 2922 in
1019 2854 1249 2921 delicto
1286 2857 1533 2920 veniam
1568 2854 1920 2945 frequenter
1959 2852 2275 2917 extorsit.'’
2318 2846 2461 2914 Noli

387 2958 708 3038 dubitare,
779 2959 931 3047 quin
987 2981 1206 3023 verum
1261 2960 1340 3023 sit
1375 2964 1788 3045 impudentia.
1835 2959 2035 3022 Senex
2079 2955 2281 3034 enim,
2336 2975 2461 3046 quo

385 3063 582 3148 magis
623 3061 688 3125 in
736 3060 1154 3125 conviciando
1178 3059 1613 3149 progreditur,
1653 3082 1726 3126 eo
1750 3065 1983 3149 magis,
2016 3077 2086 3128 ut
2108 3063 2195 3140 fit,
2212 3079 2465 3147 exaspe·

388 3182 594 3246 ratur,
659 3181 722 3232 et
784 3167 848 3230 in
913 3180 1184 3231 extrema
1245 3166 1525 3231 oratione
1586 3165 1787 3231 utitur
1850 3189 2006 3233 voce
2062 3164 2264 3258 paulo
2298 3186 2465 3229 acer-

386 3271 584 3351 biori,
634 3287 703 3336 ut
737 3272 844 3351 iis,
884 3293 1043 3363 quae
1077 3273 1350 3351 dixerat,
1390 3270 1571 3363 quasi
1608 3270 1928 3338 cumulum
1969 3273 2281 3360 adJiceret.
2323 3269 2464 3333 Mox

389 3398 638 3467 quoque
682 3397 868 3440 versu
910 3378 994 3439 32
1039 3398 1297 3441 uxorem
1339 3390 1550 3464 aperte
1590 3378 1814 3459 culpae
1858 3375 2214 3455 insimulat,
2258 3388 2466 3460 rogat-

390 3481 603 3570 quein
654 3501 840 3544 versu
883 3482 999 3559 34,
1049 3503 1128 3545 an
1170 3502 1296 3544 non
1336 3477 1576 3564 pudeat
1610 3499 1751 3543 cum
1792 3475 2006 3569 puella
2044 3502 2235 3548 anum
2265 3500 2467 3546 susce-

389 3586 552 3677 pisse
592 3584 990 3664 inimicitias3
1040 3581 1163 3647 hoc
1213 3604 1360 3666 ergo
1396 3604 1472 3647 ex
1505 3583 1810 3646 sententia
1849 3584 2131 3652 Lachetis
2170 3598 2303 3650 erat
2346 3584 2468 3647 im·

332 3744 339 3752 .
388 3689 711 3782 pudentia.
777 3691 857 3754 At
902 3690 1070 3756 enim
1106 3692 1561 3773 »impudentia
1603 3709 1729 3753 non
1767 3703 1859 3754 est
1889 3687 2147 3754 humani
2182 3691 2304 3756 viri
2329 3690 2468 3754 dic-

393 3810 585 3860 »tum
641 3816 785 3879 erga
848 3791 1162 3860 uxorem.''
1244 3791 1448 3872 Quam
1500 3811 1651 3856 vero
1707 3790 1980 3860 humane
2027 3793 2260 3861 Laches
2303 3793 2465 3859 infra

392 3922 483 3966 vs.
539 3904 623 3964 36
672 3899 752 3964 ad
799 3899 1081 3964 eamdem
1126 3919 1412 3962 uxorem:

394 4003 492 4066 Do
533 4014 592 4068 te
621 4006 875 4088 qui-dem
911 4040 998 4053 —-
1032 4005 1346 4086 peccando
1390 4004 1756 4070 detrimenti
1789 4007 1886 4070 m't
1925 4005 2071 4090 fiori
2094 4012 2339 4089 potest!

397 4127 665 4193 quocum
713 4106 788 4173 cf.
820 4131 907 4175 vs.
954 4111 1027 4173 41
1069 4131 1222 4199 sqq„
1257 4109 1321 4172 in
1367 4106 1596 4197 quibus
1638 4132 1783 4176 sane
1820 4107 1995 4175 nulla
2035 4111 2465 4196 imprudentia
