3123 5126
1395 585 1473 645 81

397 772 643 854 simile,
688 775 1040 843 Terentium
1073 773 1178 839 hic
1218 795 1415 839 unum
1445 772 1833 839 trochaicum
1853 775 2200 842 inseruisse.
2247 776 2474 864 Legen-

398 879 555 945 dum
600 879 875 945 videtur:

397 986 567 1051 Mum
593 988 845 1070 quidem
875 1005 1006 1051 mm
1036 985 1111 1071 fit
1139 988 1510 1062 verisimilae
1546 995 1617 1051 at
1634 988 1794 1070 ipsis
1816 989 2240 1054 commentum
2253 988 2473 1071 placet.

401 1090 565 1155 mihi
606 1086 840 1154 habent
885 1089 1072 1153 etiam
1116 1088 1378 1154 codices.

391 1300 503 1367 ·1V,
554 1301 594 1363 2
640 1322 727 1366 vs.
778 1304 895 1366 32:
970 1337 985 1346 =

398 1405 828 1490 Quaprdpter?
841 1442 930 1457 —-·
948 1408 1047 1471 lca
1060 1408 1227 1494 facto
1247 1419 1344 1475 est
1358 1428 1626 1494 opus.—
1645 1408 1919 1472 Matura.
1941 1441 2027 1454 —-—
2044 1406 2195 1471 Jam
2212 1404 2478 1489 inquam

2120 1513 2220 1577 liic
2265 1513 2475 1576 ‹ider-o.

392 1613 504 1677 sic
541 1612 886 1701 Bentlejus,
919 1613 1038 1679 hac
1083 1612 1360 1703 subjecta
1406 1616 1843 1682 adnotatione:
1914 1616 2182 1681 »Nostri
2222 1608 2476 1706 quidem

398 1740 438 1781 »
466 1738 678 1782 omnes
723 1720 908 1785 Facto
952 1740 1112 1805 opus
1157 1731 1293 1796 σθω
1335 1720 1437 1784 cui
1486 1717 1740 1786 lectioni
1783 1732 1874 1784 est
1920 1719 2030 1809 qui
2066 1718 2274 1784 faveat
2318 1738 2479 1781 con·-

398 1838 552 1888 »tra
599 1825 933 1905 Faernum3
1001 1824 1109 1891 sed
1160 1839 1233 1889 ut
1286 1826 1522 1907 versui,
1570 1824 1809 1915 inquit,
1864 1821 2263 1903 consulatur,
2312 1824 2480 1888 inse-

399 1928 725 1995 »rendum
773 1931 893 1995 At.-

492 2035 633 2114 Qua
674 2036 927 2117 pro'pter
970 2036 1062 2098 ita
1107 2035 1269 2120 (acto
1314 2037 1473 2117 opus
1518 2043 1628 2100 est.
1718 2032 1800 2098 Ac
1840 2044 2119 2098 matura.

400 2139 624 2203 »Sane
660 2138 898 2227 optime
944 2137 1155 2202 versui
1192 2135 1549 2202 consultum
1598 2149 1722 2202 est:
1771 2136 1822 2199 si
1876 2132 2200 2200 consulere
2244 2146 2335 2199 est
2372 2137 2478 2220 ju-

387 2263 438 2304 »
467 2237 697 2324 gulare.
765 2239 991 2321 Quid?
1034 2260 1113 2303 an
1162 2259 1321 2324 opus
1362 2250 1459 2305 est
1492 2249 1561 2305 at
1595 2238 1891 2328 corripiet
1937 2251 2032 2308 est
2071 2242 2135 2305 in
2182 2261 2253 2305 ea
2293 2240 2482 2307 sede?

403 2366 439 2407 »
466 2357 536 2407 ut
579 2344 687 2409 fiat
728 2345 931 2409 Paeon
976 2350 1282 2436 quartus?
1346 2345 1482 2408 Non
1529 2345 1757 2435 opinor
1799 2344 1921 2410 hoc
1970 2345 2174 2412 dicere
2219 2347 2483 2412 sustine-

403 2473 438 2514 »
465 2450 558 2515 bit
575 2451 647 2515 ?''
734 2449 985 2517 Scilicet
1021 2452 1083 2515 in
1124 2449 1405 2516 versibus
1440 2450 1888 2540 Hipponacteis
1925 2451 2149 2540 pedem
2187 2466 2480 2542 quartum

401 2578 566 2646 puro
615 2579 860 2647 semper
904 2554 1127 2644 jambo
1170 2569 1455 2621 constare
1506 2571 1794 2646 oportere
1839 2553 2106 2646 putabat
2145 2553 2479 2644 Bentlejus.

400 2662 484 2726 At
539 2685 666 2727 non
726 2661 1136 2727 necessarium
1183 2660 1303 2728 hoc
1353 2683 1483 2725 esse
1544 2660 1758 2725 docuit
1819 2663 2210 2729 Hermannus
2276 2661 2475 2728 Elem.

404 2788 465 2855 p.
524 2770 641 2830 151
693 2788 782 2857 sq.
827 2763 1029 2832 allatis
1076 2789 1151 2833 ex
1190 2771 1327 2858 ipso
1371 2769 1659 2833 Terentio
1704 2768 1952 2834 duobus
1999 2770 2311 2851 versibus,
2369 2770 2481 2836 uhi

387 2871 716 2958 ·Bentlejus
761 2874 825 2937 in
877 2875 1020 2940 sede
1056 2891 1278 2966 quarta
1318 2890 1719 2966 anapaestum
1757 2890 1818 2940 et
1860 2874 2481 2966 proceleusmaticum

400 3001 533 3044 esse
577 2979 751 3044 sivit.
845 2980 982 3042 Non
1032 2993 1258 3044 temere
1316 2979 1508 3063 igitur
1563 2977 1951 3067 repudianda
1997 2993 2088 3044 est
2143 2980 2265 3043 viri
2310 2978 2481 3044 docti

405 3086 765 3171 conjectura
785 3133 799 3160 ‚
840 3093 909 3147 at
941 3082 1262 3148 inserentis
1283 3133 1298 3162 ‚
1338 3084 1637 3174 quoniam
1670 3105 1881 3149 omnes
1906 3080 2150 3147 codices
2175 3098 2234 3147 et
2263 3083 2481 3147 Faerni

401 3203 465 3254 et
508 3185 772 3275 Bentleji
832 3186 1001 3252 hunc
1070 3186 1355 3251 ordinem
1414 3201 1696 3252 servant:
1751 3208 1910 3272 opus
1965 3197 2093 3262 esc:
2159 3189 2265 3277 qui
2326 3187 2481 3252 ordo

408 3307 666 3382 propter
725 3305 1046 3357 accentum
1095 3285 1317 3354 melior
1377 3305 1499 3370 est,
1555 3313 1739 3380 quam
1771 3341 1786 3369 ,
1844 3307 1916 3357 ut
1960 3294 2226 3359 Faernus
2277 3294 2482 3359 dedit:

408 3404 506 3462 est
555 3417 729 3480 opu-3.
818 3396 989 3461 Infra
1035 3418 1283 3488 quoque
1340 3398 1412 3466 V.
1458 3401 1495 3462 4
1537 3420 1626 3462 vs.
1675 3403 1759 3462 53
1817 3396 2045 3484 legitur
2098 3401 2179 3466 Ac
2231 3411 2485 3466 matura

410 3496 513 3567 vel
554 3513 624 3565 ut
666 3502 732 3566 T.
779 3500 972 3566 Faber
1021 3502 1320 3590 conjecit:
1368 3503 1449 3568 Ac
1491 3513 1765 3569 mature.

407 3712 480 3780 V.
532 3713 569 3774 4
616 3733 712 3775 vs.
770 3711 852 3773 25
881 3732 893 3773 :

409 3818 500 3881 I‘s
518 3819 609 3882 ibi
626 3825 915 3880 mortuus
933 3826 1023 3881 est
1043 3814 1149 3879 Cn.
1184 3815 1353 3901 Ejus
1376 3833 1609 3880 nomen
1626 3824 1652 3878 ‚⁹
1674 3811 1777 3876 Cn.
1811 3815 2056 3878 No'men
2081 3823 2210 3876 tam
2235 3814 2352 3876 cilo
2367 3821 2393 3874 2
2419 3809 2483 3873 Ρ.

1907 3914 2300 3982 ΡΙιάπιία,Οιι.
2325 3917 2488 3980 Hem

406 4024 584 4088 Perii
603 4031 622 4085 !
638 4023 741 4088 Cn.
760 4044 980 4089 verum
999 4026 1205 4090 hercle
1220 4026 1444 4108 opinor
1456 4023 1658 4109 fuisse
1676 4021 2021 4086 Phaniam.-
2045 4022 2159 4086 hoc
2176 4023 2341 4086 σενιό
2356 4022 2488 4085 scio

407 4128 883 4194 Rhamnusium
908 4178 924 4206 ,
977 4140 1084 4195 etc.

2101 4232 2140 4290 6
