3123 5126
1398 551 1474 611 13

389 763 586 833 quem
629 738 873 831 explere
904 737 1184 805 volentes
1220 736 1462 806 librarii
1498 740 1580 805 ad
1622 739 2127 830 praecedentium
2179 738 2464 806 similitu·

393 848 648 926 dinem,
685 846 1021 934 adjecerint
1065 848 1280 936 inepta
1314 845 1461 912 illa:
1502 869 1708 934 neque
1752 851 1889 915 ulla
1909 848 2197 912 videatur
2234 848 2471 929 ’παρίῃ

393 974 548 1017 nam
584 974 886 1042 perquam
935 950 1260 1016 commode
1294 951 1576 1032 Bromia,
1608 964 1938 1041 superante
1977 947 2192 1015 dolore
2237 962 2300 1013 et
2327 948 2472 1013 ani-

394 1056 485 1121 mi
525 1054 941 1140 aegritudine,
984 1052 1089 1118 hic
1121 1052 1452 1145 paululum
1485 1056 1765 1122 oratione
1811 1056 2106 1123 subsistit.
2168 1050 2468 1119 Probabi-

393 1163 515 1229 lior
555 1160 871 1228 videbitur
904 1161 1058 1226 haec
1094 1165 1479 1250 conjectura,
1527 1162 1580 1228 si
1627 1183 1877 1228 versum
1899 1183 1963 1227 se
1990 1173 2287 1250 quentem
2323 1178 2469 1222 cum

387 1272 750 1334 Hermanno
770 1266 1159 1335 trochaicum
1176 1269 1501 1359 feceris(cf.
1528 1268 1990 1335 Lindemannus
2007 1267 2071 1330 in
2091 1262 2468 1349 Addendisfi

386 1398 539 1441 nam
569 1425 584 1454 ,
619 1371 730 1439 ubi
771 1387 1048 1440 mutatur
1093 1397 1385 1441 versuum
1430 1392 1623 1460 genus
1643 1424 1658 1453 ,
1708 1394 1890 1462 saepe
1933 1370 2249 1437 breviores
2292 1369 2470 1434 istius

384 1477 567 1545 modi
601 1477 893 1544 versiculi
924 1481 1426 1569 interponuntur.
1517 1478 1774 1543 Accedit
1819 1475 1991 1566 quod
2027 1475 2192 1540 infra
2220 1491 2469 1564 quoque

387 1580 614 1648 iisdem
683 1582 955 1647 numeris
1025 1582 1224 1647 utitur
1283 1581 1542 1661 ancilla,
1612 1581 1919 1672 siquidem
1974 1577 2306 1670 probanda
2377 1591 2471 1643 est

385 1684 616 1751 Weisii
676 1706 968 1750 versuum
1027 1687 1287 1749 21--23
1330 1685 1691 1776 dispositio,
1735 1683 1906 1775 quod
1966 1679 2178 1748 nullus
2229 1682 2469 1748 dubito.

388 1792 504 1860 Vir
549 1788 808 1880 quidam
859 1788 1283 1869 doctissimus,
1340 1793 1515 1878 cujus
1555 1790 1800 1878 judicio
1857 1788 2011 1855 haec
2055 1787 2469 1877 subjeceram,

388 1898 518 1965 loci
562 1896 843 1987 corrupti
884 1894 1046 1960 hanc
1093 1897 1425 1987 proposuit
1461 1896 1996 1963 emendationem:

921 2107 1052 2172 Nee
1095 2114 1205 2171 me'
1240 2108 1531 2170 miserior
1572 2105 1847 2189 femina,

920 2212 1139 2296 Neque
1183 2213 1303 2275 illa
1345 2211 1633 2275 videatur
1680 2210 1905 2291 maqis.

390 2426 431 2489 i.
468 2446 521 2488 e.
568 2423 776 2506 Maqis
817 2424 1111 2488 miserior
1144 2441 1352 2512 'quam
1393 2439 1502 2504 eqo
1549 2428 1611 2485 et
1654 2420 1825 2483 hera.
1865 2415 2023 2479 Nam
2045 2415 2330 2490 Femina,
2369 2410 2473 2472 in-

400 2526 564 2616 quit,
617 2546 742 2589 non
788 2520 1132 2588 necessario
1162 2517 1440 2611 postulat
1477 2519 1761 2585 additum
1801 2522 1951 2585 ulla.
2011 2517 2096 2581 Ea
2142 2515 2238 2580 vis
2276 2525 2367 2579 est
2408 2511 2474 2575 in

402 2628 725 2713 negatione
772 2648 1142 2712 neo-neque.
1196 2628 1524 2706 Videatur,
1563 2623 1764 2690 videri
1818 2636 2023 2714 potest
2044 2673 2059 2703 ,
2110 2641 2238 2688 esse
2258 2671 2273 2700 ,
2305 2618 2479 2684 inve-

401 2732 527 2799 niri
554 2746 774 2823 potest.
