3123 5126
1710 538 1790 600 58

778 792 779 797 ,
882 732 950 795 Is
993 731 1093 796 illi
1133 731 1348 796 Poeno
1392 730 1659 816 hujusce
1697 738 1930 813 patruo
1974 730 2195 812 hospes
2234 728 2378 813 suit,

708 832 882 924 quod
937 855 1156 898 verum
1198 856 1325 899 esse
1379 831 1482 900 vel
1523 855 1684 899 unus
1728 828 2036 900 mehercle
2084 854 2297 898 versus
2348 832 2472 894 115
2525 826 2780 893 abunde

709 938 1107 1003 demonstrat.
1193 940 1406 1004 Exstat
1467 938 1652 1004 etiam
1706 935 1868 1003 alius
1920 959 2135 1003 versus
2181 935 2387 1001 Plauti
2440 933 2641 1024 (Capt.
2699 933 2774 1000 V.

711 1045 751 1105 4
793 1064 880 1107 vs,
928 1040 1071 1130 27),
1118 1042 1227 1108 ubi
1262 1055 1513 1129 patrem
1550 1042 1848 1133 producit
1891 1044 2200 1133 priorem:

797 1149 998 1230 Qud-§i
1034 1171 1151 1233 per
1193 1151 1494 1217 nebulam
1535 1150 1880 1233 He'qionem
1917 1150 2167 1233 patrem
2210 1148 2424 1210 metim
2467 1146 2772 1211 voodrier.

705 1251 816 1318 sed
851 1273 976 1318 non
1023 1267 1114 1318 est
1151 1252 1323 1343 quod
1362 1250 1637 1331 dubites,
1679 1249 1971 1317 Plautum
2014 1250 2361 1341 scripsisse:
2405 1253 2616 1318 metim
2653 1268 2773 1333 pa-

707 1367 872 1423 trem
915 1359 1218 1424 voodriar.

1482 1542 1994 1553 ——-————--—————-

702 1666 753 1729 Ι.
804 1668 843 1729 2
889 1688 979 1731 vs.
1029 1670 1149 1731 64:

707 1772 879 1852 Quid
919 1772 1162 1839 habetis
1177 1820 1194 1850 ,
1239 1772 1352 1855 qui
1376 1771 1561 1852 mdyo
1581 1771 1973 1835 ivnmortales
1992 1772 2101 1835 υόε
2121 1773 2374 1837 credam
2396 1789 2556 1846 esse,
2583 1787 2776 1853 quam

2411 1880 2519 1958 0¹90
2564 1876 2724 1938 siem
2745 1881 2773 1935 2

705 1975 1011 2044 Beckerus
1042 1978 1110 2041 in
1150 1976 1422 2059 Quaestt.
1467 2003 1530 2070 p.
1581 1983 1662 2045 16
1714 1981 1902 2045 etiam
1942 1979 2004 2045 h.
2030 1978 2071 2044 l.
2096 1980 2329 2058 utitur,
2367 1992 2440 2043 ut
2488 1975 2775 2043 ostendat

706 2105 889 2174 saepe
922 2084 1094 2174 apud
1126 2099 1408 2151 nostrum
1437 2087 1672 2177 corripi
1703 2083 1975 2175 syllabas
2004 2085 2315 2177 positione
2348 2082 2586 2169 longas,
2601 2080 2773 2172 quod

706 2201 778 2252 ut
820 2188 1109 2255 universe
1143 2211 1361 2255 verum
1405 2203 1498 2256 est
1520 2241 1537 2270 ‚
1574 2191 1662 2254 ita
1693 2190 2044 2256 cavendum
2065 2204 2188 2269 est,
2210 2212 2290 2255 ne
2307 2186 2567 2254 ulterius
2586 2208 2776 2277 quam

707 2307 982 2384 oportet,
1027 2294 1193 2361 hanc
1232 2294 1510 2382 regulam
1547 2296 1969 2363 extendamus.
2048 2296 2454 2384 'Usurparunt
2487 2291 2652 2357 hanc
2690 2290 2776 2356 li-

706 2397 976 2465 centiam
1003 2397 1259 2465 Plautus
1298 2414 1360 2465 et
1403 2399 1756 2480 Terentius,
1817 2422 1945 2464 non
1990 2400 2113 2464 nisi
2162 2400 2227 2463 in
2264 2397 2583 2489 principio
2627 2418 2775 2461 ver-

703 2523 886 2567 suum
905 2553 922 2583 ,
975 2516 1038 2569 et
1076 2503 1143 2569 in
1187 2505 1370 2570 certis
1416 2503 1796 2596 quibusdam
1831 2504 2082 2586 formis;
2132 2505 2513 2572 immortalis
2558 2523 2774 2569 vereor

704 2622 787 2672 ut·
808 2609 874 2672 in
918 2605 1143 2674 harum
1188 2610 1531 2674 formarum
1561 2632 1893 2675 numerum
1932 2610 2128 2698 recipi
2169 2610 2262 2675 fas
2300 2608 2413 2688 sit3
2465 2620 2629 2673 certe
2668 2603 2775 2670 hic

703 2711 880 2780 locus
923 2712 1161 2779 nullius
1200 2729 1292 2780 est
1327 2716 1661 2794 momenti,
1703 2737 1846 2779 cum
1883 2714 1950 2778 in
1994 2711 2133 2778 aliis
2171 2711 2348 2781 libris
2393 2711 2519 2779 alio
2554 2711 2775 2778 ordine

701 2816 974 2904 legatur:
1022 2841 1204 2906 maye
1246 2825 1359 2908 qui
1398 2825 1825 2901 immortales,
1883 2835 1945 2887 et
1983 2842 2197 2886 versus
2235 2819 2369 2907 ipse
2419 2817 2607 2882 etiam
2647 2813 2773 2880 alio

703 2923 956 2988 nomine
989 2921 1213 2988 vitium
1248 2924 1499 3015 prodit3
1544 2927 1790 2992 habetis
1829 2926 1997 2991 enim
2041 2948 2169 2990 non
2205 2937 2413 3014 potest
2447 2935 2772 2988 accentum

704 3026 933 3094 habere
966 3029 1032 3092 in
1073 3026 1313 3095 ultima.
1382 3030 1741 3116 Legendum
1777 3031 1999 3098 credo:

1515 3136 1686 3217 Quid
1730 3146 1826 3202 est
1867 3139 2041 3220 apud
2081 3156 2191 3201 vos
2230 3135 2596 3219 pulchrius?

707 3238 949 3321 Quidve
991 3239 1235 3306 habetis
1255 3289 1273 3317 ‚
1322 3243 1432 3324 qui
1473 3241 1869 3307 immortales
1908 3242 2111 3324 mdqis
2146 3261 2257 3306 vos
2293 3242 2562 3318 credam,
2580 3257 2773 3325 quam

2419 3351 2527 3427 e‘qo
2565 3346 2769 3409 siem?

702 3430 842 3494 Mox
886 3452 977 3495 νε.
1026 3432 1108 3494 67
1156 3429 1490 3515 legendum
1535 3431 1823 3497 videtur:

701 3536 969 3619 Milphio
987 3584 1003 3614 ‚
1035 3538 1193 3602 heus
1211 3585 1227 3614 ‚
1269 3537 1380 3601 abi
1407 3543 1514 3601 ἐς]
1539 3573 1629 3584 -
1651 3536 1885 3632 Assum
1912 3540 2083 3620 apud
2105 3547 2165 3603 le
2185 3556 2399 3603 eccum
2420 3573 2508 3584 —
2542 3534 2650 3601 A‘t
2663 3554 2769 3619 eqo

2232 3643 2440 3706 eliscus
2477 3641 2570 3704 sis
2612 3641 2766 3729 volo.

706 3741 789 3807 At
822 3763 898 3806 ex
921 3743 1198 3833 optumis
1237 3742 1418 3808 codd.
1458 3744 1873 3809 inserendum.
1937 3744 2009 3808 In
2050 3766 2235 3810 versu
2269 3748 2353 3809 88
2395 3742 2554 3830 lege:
2591 3744 2767 3809 Βόηο

705 3857 813 3928 090
846 3848 1097 3931 iuqem'o
1123 3900 1140 3929 ‚
1178 3846 1394 3916 versus
1445 3870 1646 3913 causa,
1693 3849 1970 3948 Denique
2008 3870 2221 3915 versus
2267 3852 2390 3914 162
2429 3863 2490 3915 et
2547 3850 2668 3911 163
2716 3847 2768 3910 si

703 3944 915 4013 locum
964 3949 1123 4018 inter
1195 3976 1258 4021 se
1313 3967 1692 4019 commutare
1730 3956 2015 4041 jusseris,
2078 3956 2445 4021 sententiam
2487 3978 2561 4021 ex
2609 3950 2768 4019 male

705 4050 1058 4140 cohaerenti
1091 4052 1161 4124 ‘et
1201 4060 1412 4148 inepta
1452 4056 1665 4124 feceris
1704 4055 2084 4124 luculentam
2127 4074 2187 4126 et
2229 4057 2500 4148 planam.
