3123 5126
1664 570 1748 630 86

666 758 872 825 »liter
929 759 1123 829 stulto
1191 782 1304 826 suo
1369 758 1573 826 labori
1627 759 1881 826 insudat
1895 759 1966 824 ?''
2048 760 2242 852 Atqui
2286 760 2505 827 iisdem
2553 759 2764 851 plane

665 864 1044 947 argumentis
1128 864 1326 929 utitur
1408 865 1540 954 ipse
1637 864 1960 945 Chremes»,
2045 879 2117 930 ut
2203 864 2491 930 ostendat
2581 864 2763 929 hanc

666 966 1111 1054 objectionem,
1181 990 1370 1060 quam
1443 965 1563 1032 sihi
1627 968 1926 1047 finxerat,
2013 991 2244 1033 vanam
2315 991 2443 1035 esse
2521 984 2590 1035 et
2655 970 2762 1033 ni*

662 1073 820 1155 hili,
882 1099 1082 1167 neque
1127 1099 1197 1141 ea
1242 1099 1305 1141 se
1358 1074 1687 1139 defe‘ndere
1728 1096 1909 1164 posse
1941 1073 2382 1139 Menedemum.
2456 1073 2762 1139 Chremes

663 1183 828 1246 enim
899 1182 1236 1251 Menedemi
1313 1179 1375 1244 in
1447 1177 1663 1244 labore
1730 1177 2168 1244 adsiduitatem
2236 1178 2527 1257 miratuS,
2602 1178 2761 1267 quia

662 1285 904 1353 nullam
955 1292 1086 1375 ejus
1142 1283 1489 1378 reperiebat
1542 1308 1792 1351 causam
1834 1283 2267 1375 probabilem,
2328 1287 2462 1376 ipse
2504 1284 2762 1369 excogi-

664 1392 825 1454 tavit
869 1413 1119 1457 causam
1166 1393 1372 1457 minus
1418 1390 1846 1482 probabilem,
1913 1406 2023 1472 ut,
2068 1414 2139 1456 ea
2185 1392 2489 1472 refutata,
2536 1390 2762 1456 omnia

664 1494 890 1581 effugia
952 1498 1307 1563 Menedemo
1362 1512 1565 1563 essent
1622 1496 1959 1563 obstructa.
2051 1497 2241 1565 Vides
2287 1495 2550 1584 Bentleii
2601 1518 2759 1561 con-

655 1602 995 1684 jecturam,
1041 1602 1214 1693 quod
1258 1602 1510 1694 quidem
1559 1602 1639 1666 ad
1674 1625 1920 1668 sensum
1964 1602 2244 1680 adtinet,
2292 1622 2421 1665 non
2466 1622 2602 1665 esse
2644 1621 2758 1664 ne-

661 1703 1013 1768 cessariam,¹
1069 1706 1164 1769 Ita
1216 1708 1382 1771 enim
1457 1705 1890 1771 concluditur:
1968 1709 2288 1790 Voluptati
2350 1704 2504 1770 haec
2581 1717 2758 1768 certe

661 1828 790 1870 non
850 1822 996 1874 sunt
1048 1808 1203 1889 tihi;
1261 1815 1601 1877 utilitatem
1653 1811 1844 1894 igitur
1903 1809 2269 1899 praetendes
2331 1812 2636 1889 fortasse3
2690 1823 2756 1872 at

660 1932 740 1974 ne
779 1915 1025 1977 utilitas
1070 1912 1321 2002 quidem
1368 1917 1431 1978 in
1471 1938 1541 1979 ea
1586 1938 1651 1980 re
1699 1912 1830 1979 ulla
1883 1927 2012 1993 est3
2078 1912 2256 1979 nullo
2326 1914 2519 1979 modo
2555 1913 2757 1998 igitur

661 2027 835 2076 tuam
886 2013 1111 2098 agendi
1157 2019 1461 2082 rationem
1506 2033 1685 2108 potes
1726 2018 2073 2084 defendere.
2166 2019 2329 2084 Haec
2375 2016 2750 2096 conclusiO,

662 2139 822 2207 quae
876 2117 939 2181 in
993 2117 1248 2203 vulgata
1307 2117 1575 2185 lectione
1630 2118 1979 2186 luculenter
2028 2136 2330 2210 apparet,
2381 2123 2587 2212 perit,
2640 2122 2754 2188 ad-

657 2221 845 2286 missa
882 2220 1146 2309 Bentleji
1189 2221 1293 2289 vel
1352 2226 1564 2314 potius
1612 2227 1830 2290 Mureti
1885 2229 2257 2312 conjectura.
2349 2227 2521 2309 Quin
2571 2228 2628 2293 si
2671 2250 2750 2293 ex

658 2326 879 2391 Mureti
942 2330 1245 2393 sententia
1306 2324 1556 2413 legeris:
1605 2331 1688 2394 At
1713 2335 1883 2396 enim
1919 2351 2020 2395 me
2045 2342 2356 2415 quantum
2395 2334 2495 2397 hio
2532 2336 2750 2416 operis

655 2432 774 2516 fiat
811 2437 1128 2516 poenitet,
1183 2434 1281 2498 vis
1336 2432 1790 2523 particularum
1837 2439 2106 2500 atenim
2163 2433 2353 2524 plane
2391 2436 2754 2525 corrumpi-

658 2550 796 2617 tur,
864 2552 926 2603 et
986 2560 1198 2604 sensus
1260 2538 1393 2628 ipse
1434 2538 1910 2628 pessumdatur3
1966 2560 2112 2603 nam
2160 2538 2446 2629 'profecto
2485 2538 2611 2604 hoc
2652 2553 2750 2605 est

658 2641 847 2705 nimis
876 2664 1118 2736 *curare
1171 2641 1413 2722 aliena,
1469 2657 1529 2707 et
1582 2644 2023 2733 importunitas
2056 2645 2267 2709 verius
2297 2666 2490 2734 quam
2543 2645 2749 2709 amica

658 2745 965 2824 monitio,
1030 2746 1081 2810 si
1147 2745 1433 2810 Chremes
1518 2768 1582 2809 se
1662 2768 1799 2814 non.
1845 2760 2207 2812 contentum
2245 2771 2374 2813 esse
2416 2749 2589 2813 dicat
2634 2771 2747 2824 eo,

659 2863 965 2938 quantum
1026 2850 1232 2940 operis
1273 2849 1383 2912 fiat
1437 2849 1502 2913 in
1560 2870 1712 2934 agro
1757 2849 2113 2914 Menedemi.
2202 2852 2327 2916 Nos
2382 2852 2577 2936 igitur
2615 2852 2746 2916 cir-

658 2958 1041 3045 cumspicere
1091 2956 1384 3022 debemus
1441 2954 1749 3041 ejusmodi
1795 2953 2161 3033 lectionem,
2208 2979 2332 3045 qua
2367 2971 2429 3020 et
2458 2970 2745 3021 servetur

657 3082 726 3124 ea
791 3063 1093 3126 sententia
1119 3115 1135 3139 ,
1200 3083 1388 3152 quam
1450 3058 1640 3125 habet
1686 3057 1981 3144 vulgata,
2028 3073 2089 3123 et
2123 3082 2338 3126 versus
2386 3062 2553 3126 intra
2589 3059 2745 3146 legi-

658 3164 843 3228 timos
895 3166 1192 3230 terminos
1233 3178 1629 3242 coerceatur,
1693 3184 1892 3254 neque
1936 3159 2199 3227 obscura
2237 3165 2425 3228 etiam
2471 3165 2554 3229 sit
2595 3187 2737 3229 cor-

657 3272 968 3359 ruptionis
1005 3295 1207 3338 causa.
1297 3274 1456 3350 Ecce
1510 3271 1627 3335 tibi
1670 3272 1805 3360 ipsa
1864 3271 2135 3334 Terentii
2172 3291 2421 3334 manus:

743 3379 824 3443 At
864 3379 1038 3443 enim
1081 3389 1141 3444 te
1181 3388 1496 3463 quantum
1531 3382 1633 3443 hie
1675 3382 1885 3461 operis
1923 3377 2040 3461 fiat
2077 3379 2366 3458 poenitet.

655 3484 829 3546 Hanc
871 3481 1201 3548 lectionem
1266 3481 1647 3573 explicantes
1695 3482 1935 3547 librarii
1980 3482 2393 3569 scripserunt:
2439 3481 2521 3545 At
2562 3485 2738 3546 enim

653 3593 822 3654 dices
866 3611 968 3655 me
1007 3600 1113 3654 eto.
1139 3639 1153 3666 ,
1198 3611 1399 3678 neque
1445 3602 1737 3678 poterant
1774 3585 2012 3651 melius.
2103 3585 2186 3650 At
2222 3586 2394 3648 enim
2433 3584 2487 3647 is
2536 3584 2732 3662 dicit,

654 3694 764 3783 qui
831 3692 1244 3780 objectionem
1305 3694 1643 3759 adversarii
1697 3692 1795 3758 vel
1849 3694 1974 3758 suis
2017 3687 2121 3754 vel
2160 3687 2356 3777 ipsius
2389 3689 2733 3755 adversarii

652 3796 863 3862 verbis
934 3796 1128 3863 affert.
1218 3799 1568 3863 sexcenties
1615 3800 1701 3863 ita
1739 3798 1950 3863 Cicero
1993 3798 2054 3859 in
2096 3792 2499 3859 orationibus.
2543 3796 2621 3858 cf.
2663 3797 2728 3858 in

651 3899 905 3967 Verrem
939 3903 968 3965 1
1005 3907 1041 3988 §
1092 3907 1204 3967 15:
1244 3903 1325 3968 At
1374 3909 1546 3969 enim
1586 3905 1739 3969 haec
1802 3908 1893 3968 ita
1929 3903 2266 3968 commissa
2299 3912 2453 3966 sum
2495 3902 2575 3965 ab
2605 3904 2729 3966 isto

652 4008 692 4071 i.
739 4030 789 4071 e.
825 4019 893 4074 at
933 4014 1105 4074 enim
1129 4013 1297 4074 dices
1334 4010 1486 4074 Ιιαθο
1528 4012 1620 4074 ila
1658 4020 1763 4074 eto.
1813 4006 1951 4075 Vid.
1993 4006 2178 4071 etiam
2201 4026 2318 4093 pro
2358 4006 2422 4069 P.
2464 4005 2725 4087 Quintio

651 4116 686 4198 §
726 4117 810 4177 65
846 4165 863 4194 ,
909 4137 1027 4206 pro
1064 4115 1290 4179 Roscio
1320 4114 1630 4180 Comoedo
1664 4116 1700 4197 §
1738 4116 1838 4182 32.
1880 4112 2084 4178 Divin.
2123 4110 2201 4173 ad
2248 4110 2322 4189 Q.
2370 4108 2542 4174 Caec.
2580 4110 2720 4194 §22
