3123 5126
1424 541 1505 602 87

416 744 529 795 etc.
620 732 761 820 lpse
791 732 1107 797 Terentius
1133 725 1407 817 Adelph.
1451 730 1529 796 V.
1556 733 1597 792 3
1623 751 1716 793 vs.
1773 731 1886 793 44:
1934 741 2002 795 at
2042 735 2213 797 enim
2248 746 2497 801 metuas

418 837 455 899 i.
504 858 552 900 e.
600 846 670 900 at
711 840 884 902 enim
902 839 1089 914 dices,
1109 844 1409 901 metuam.
1501 833 1795 898 Horatius
1822 832 2208 900 Turseilinus
2245 836 2323 904 de
2351 863 2496 929 par-

415 935 622 1003 ticulis
673 962 723 1004 c.
790 944 913 1005 35:
975 963 1010 1005 »
1041 940 1125 1005 At
1177 943 1348 1005 enim
1388 937 1453 1002 in
1498 939 2165 1027 anteoccupationibus
2204 941 2492 1032 frequens

412 1067 445 1108 ›>
472 1057 578 1108 est.
668 1045 788 1109 Cic.
857 1046 931 1109 ΙΙ.
982 1042 1255 1134 Philipp.
1318 1046 1395 1108 2:
1461 1055 1530 1109 at
1586 1048 1758 1110 enim
1815 1054 1875 1109 to
1937 1051 2009 1113 in
2090 1052 2493 1132 disciplinam

411 1172 444 1212 »
473 1171 682 1215 meam
719 1154 1074 1217 tradideras
1105 1147 1143 1213 i.
1187 1170 1237 1213 e.
1303 1150 1386 1215 Ac
1405 1152 1574 1215 dices
1602 1199 1619 1229 ‚
1676 1158 1737 1214 te
1758 1152 1829 1214 in
1860 1152 2264 1233 disciplinam
2279 1173 2490 1219 meam

410 1276 442 1317 »
470 1254 871 1321 tradidissef'*
951 1254 1116 1319 Haec
1185 1275 1327 1317 cum
1385 1253 1472 1316 ita
1555 1252 2001 1342 disputassem,
2081 1269 2299 1343 postea
2351 1255 2488 1320 vidi

398 1363 535 1447 jam
595 1344 740 1426 ante
797 1359 1147 1448 Bentlejum
1190 1363 1276 1426 ita
1329 1362 1664 1448 conjecisse
1691 1361 2044 1450 Guyetum‚
2091 1374 2384 1425 monente
2423 1374 2486 1426 et

405 1465 855 1555 comprobante
901 1469 954 1533 J.
1001 1469 1061 1534 F.
1109 1468 1435 1533 Gronovio
1467 1466 1548 1531 ad
1588 1465 1795 1532 Plauti
1821 1466 1990 1530 Trin.
2035 1464 2195 1528 11.-2
2243 1488 2332 1532 vs.
2378 1468 2481 1530 39.

404 1569 527 1633 Sed
583 1568 687 1635 vel
741 1572 830 1637 sic
894 1586 1102 1637 tamen
1159 1595 1320 1663 quae
1381 1573 1750 1662 scripseram
1793 1592 1920 1635 non
1977 1567 2240 1635 delenda
2289 1570 2484 1649 duxi3

403 1696 548 1738 nam
590 1696 772 1740 verae
802 1676 989 1741 etiam
1019 1682 1412 1766 conjecturae
1445 1680 1856 1769 interpretum
1875 1673 2265 1760 diligentiam
2298 1699 2481 1766 saepe

402 1776 750 1861 effugiunt,
819 1779 941 1844 nisi
1006 1779 1194 1867 longa
1241 1782 1522 1847 oratione
1573 1782 2126 1863 commendentur3
2172 1781 2343 1872 quod
2383 1804 2484 1845 ac-

399 1885 556 1950 cidit
597 1886 784 1949 etiam
835 1885 1080 1974 Gruyeto
1106 1936 1121 1963 ,
1167 1887 1305 1950 viro
1347 1886 1871 1971 ingeniosissime,
1910 1888 2088 1971 cujus
2124 1884 2481 1976 praeclarae

398 1987 630 2077 passim
690 1988 771 2052 ad
829 1988 1185 2052 Terentium
1233 1990 1626 2073 conjecturae
1675 1991 1784 2054 vix
1830 2012 2210 2082 quemquam
2250 1988 2483 2054 adver-

399 2105 643 2172 terunt,
722 2094 1021 2182 quoniam
1072 2115 1198 2156 uno
1258 2090 1628 2185 plerumque
1691 2093 1883 2160 verbo
1928 2112 2267 2187 conceptae
2313 2108 2475 2160 sunt.

395 2196 714 2262 Caeterum
781 2220 972 2282 genus
1029 2196 1359 2288 loquendi:
1425 2203 1709 2284 poenitet
1771 2222 1874 2267 me
1895 2252 1912 2281 ,
1978 2213 2291 2287 quantum
2321 2201 2475 2285 fiat,

395 2301 684 2392 plurimis
706 2300 1011 2391 exemplis
1056 2301 1397 2369 illustravit
1432 2303 1790 2370 Gronovius
1828 2302 1867 2369 l.
1901 2328 1953 2370 c.
1986 2331 2000 2385 ;
2051 2304 2279 2397 quibus
2324 2303 2475 2368 addi

396 2410 595 2500 possis
649 2410 771 2475 Cic.
835 2406 1008 2473 Orat.
1069 2412 1105 2494 §
1171 2412 1334 2473 130:
1397 2430 1501 2475 me
1547 2412 1722 2475 enim
1758 2412 1971 2495 ipsum
2009 2432 2142 2478 non
2195 2412 2481 2494 poenitet

396 2528 635 2604 quanta
674 2523 863 2592 sunt,
908 2512 1017 2579 uhi
1048 2515 1281 2605 pariter
1305 2527 1492 2605 atque
1514 2514 1580 2578 in
1608 2510 1746 2578 loco
1769 2511 2011 2596 Plauti,
2057 2509 2476 2605 expungenda

395 2637 488 2688 est
520 2618 833 2712 particula
866 2639 1012 2684 non.

1246 2760 1365 2767 uu.-
1392 2761 1699 2771 ’.ψῃ--..ὴ

393 2840 436 2903 Ι.
489 2841 526 2902 2
574 2861 613 2900 v
653 2890 664 2904 .
715 2841 778 2903 2:

479 2936 564 3008 Et
595 2861 777 3008 iilam
809 2944 1006 3008 simul
1042 2959 1187 3005 cum
1214 2941 1439 3004 natatio
1477 2938 1594 3003 tibi
1632 2941 2001 3022 ddsuturam
2035 2941 2227 3003 hodie
2254 2941 2400 3002 scio.

389 3043 608 3111 vocab.
657 3048 757 3112 hic
789 3046 851 3108 in
885 3041 1201 3134 plerisque
1222 3040 1413 3106 Codd.
1463 3056 1784 3131 comparet
1806 3093 1823 3122 ‚
1870 3056 1932 3107 et
1959 3045 2192 3109 servari
2222 3056 2470 3132 potest,

388 3152 439 3216 si
478 3147 668 3234 legas:
1921 3237 1928 3242 .

475 3249 561 3322 Et
576 3261 758 3323 illam
790 3259 985 3322 sim-ul
1021 3275 1167 3322 oum
1204 3257 1428 3319 nuntio
1458 3256 1558 3319 hic
1582 3256 1696 3320 tibi
1715 3257 2085 3341 ddfuturam
2113 3258 2457 3323 hodie'scio.

388 3381 513 3450 quo
558 3375 747 3449 pacto
783 3361 848 3423 in
891 3365 1117 3427 nuntio
1161 3356 1383 3423 ultima
1427 3356 1738 3424 coalescit.

1170 3543 1571 3552 *m—

385 3653 467 3718 11..
510 3655 548 3716 3
592 3674 680 3717 vs.
729 3655 849 3716 94:

1531 3759 1905 3840 Lonqum'st
1949 3754 2222 3837 Clitipho
2255 3801 2273 3831 ,

469 3863 543 3926 Si
577 3863 690 3929 tibi
720 3859 1403 3944 nar-remqudmobrem
1441 3861 1509 3923 id
1525 3861 1762 3945 faciam
1785 3883 1805 3921 .·
1839 3867 2001 3923 ‚ve‘ra
2023 3879 2217 3924 causa
2257 3868 2365 3925 esc.

379 3989 530 4031 vora
580 3988 776 4034 causa
845 3974 982 4032 est:
1023 4002 1111 4012 -
1156 3961 1309 4028 haec
1355 3984 1482 4027 non
1549 3957 1875 4046 intellig03
1910 3957 2242 4045 legendum
2281 3959 2460 4026 vide·

384 4084 522 4133 tur:
560 4094 781 4140 varum
819 4091 1014 4139 causa
1065 4081 1159 4138 est
1182 4098 1204 4146 ;
1245 4070 1333 4136 sic
1374 4066 1596 4137 melius
1647 4066 1935 4133 cohaeret
1986 4068 2201 4134 oratio,
