3123 5126
1657 564 1739 625 18

654 768 989 855 legeretur:
1084 766 1180 830 No
1236 783 1344 847 eqo
1407 764 1477 826 in
1537 777 1682 824 arco
1740 758 1961 822 bovem
2004 766 2117 818 etc.
2208 752 2331 816 Sed
2378 764 2449 816 ut
2511 747 2592 813 ad
2635 744 2750 813 'lo-³

663 899 806 941 cum
862 872 1067 937 Plauti
1126 868 1485 944 redeamus,
1551 861 1714 927 illud
1758 883 1841 927 nc
1897 857 2107 923 locum
2177 869 2444 947 occupat
2509 877 2740 947 parum

662 981 979 1057 idoneum;
1021 994 1212 1065 quare
1255 992 1408 1055 eg0‚
1457 966 1662 1031 deleto
1685 985 1884 1044 nunc,
1933 961 2173 1026 hiatum
2217 961 2280 1023 in
2326 982 2577 1027 caesura
2596 984 2739 1026 ver-

663 1109 765 1153 sus
810 1079 1215 1174 hipponactei
1264 1076 1393 1166 (qui
1437 1071 1792 1162 saepissime
1825 1068 1996 1157 apud
2045 1065 2337 1131 Plautum
2362 1081 2453 1131 est
2487 1089 2740 1157 asynar·

666 1188 852 1276 tetus)
889 1185 1214 1251 admittere
1267 1177 1452 1244 malo,
1544 1175 1867 1240 Caeterum
1907 1172 1958 1236 si
2001 1172 2141 1260 quis
2179 1195 2297 1260 pro
2321 1173 2471 1255 jam
2506 1168 2743 1237 substi-

667 1311 841 1362 tuere
870 1289 1142 1358 voluerit
1188 1308 1372 1364 cum,
1417 1305 1517 1349 me
1544 1281 1717 1346 haud
1759 1279 1963 1343 invito
2004 1278 2233 1343 fecerit.
2326 1276 2525 1344 Video
2573 1278 2741 1342 enim

669 1407 734 1467 in
783 1403 900 1466 ista
970 1391 1392 1460 comminandi
1439 1385 1707 1454 formula
1760 1384 2288 1474 praepositionem
2334 1381 2507 1447 illam
2554 1381 2744 1468 adjici

668 1505 881 1573 solere.
942 1505 1144 1593 Supra
1179 1522 1270 1565 vs.
1320 1498 1396 1560 6:

667 1614 807 1679 Nae
855 1622 924 1676 tu
973 1609 1177 1674 he'rcle
1225 1622 1368 1669 cum
1411 1600 1643 1684 maqnd
1689 1597 1859 1661 malo
1903 1596 2064 1659 mihi
2102 1594 2350 1660 obviam
2388 1591 2706 1658 accessisti

759 1715 831 1781 V.
875 1716 915 1776 2
953 1734 1044 1777 vs.
1089 1713 1205 1773 47:

669 1822 913 1904 Edepol
943 1839 1067 1882 nae
1109 1825 1178 1881 tu
1220 1816 1382 1879 istuc
1421 1831 1568 1877 cam
1606 1810 1777 1875 malo
1816 1824 2047 1891 maqno
2091 1813 2198 1871 mo
2243 1806 2467 1870 dimisti
2489 1805 2560 1869 in
2598 1811 2750 1868 mo!

694 1929 700 1937 ’
757 1922 842 1988 ib.
893 1934 979 1987 νέ.
1023 1922 1138 1985 59:
2665 1930 2668 1935 ·

673 2039 743 2096 tu
784 2033 979 2095 istaec
1015 2026 1197 2091 hodie
1234 2042 1379 2089 cum
1412 2031 1520 2086 tuo
1555 2037 1786 2104 maqno
1829 2020 2002 2082 malo
2036 2017 2421 2082 invocavisti.

764 2131 904 2198 Aul.
941 2133 1044 2197 111.
1091 2134 1130 2195 2
1169 2152 1259 2195 vs.
1300 2131 1398 2192 11.

679 2249 747 2303 at
774 2239 984 2305 hercle
1018 2257 1161 2302 cum
1199 2236 1370 2299 malo
1412 2248 1642 2313 maqno
1681 2236 1822 2293 tuo!

683 2357 746 2407 et
785 2343 873 2407 sic
927 2340 1177 2431 passim.
1268 2335 1428 2400 Hinc
1488 2329 1912 2397 emendandus
1949 2331 2103 2394 Men.
2151 2332 2221 2398 V.
2275 2333 2312 2394 7
2347 2352 2435 2395 νε.
2487 2333 2609 2410 24,
2645 2328 2750 2419 qui

683 2469 898 2513 versus
930 2469 1074 2510 cum
1118 2440 1291 2506 haud
1324 2448 1566 2503 constet
1593 2485 1607 2514 ,
1656 2433 2005 2513 constabit,
2046 2435 2097 2499 si
2136 2432 2381 2520 legeris:

680 2556 968 2621 Mdccimo
1008 2552 1191 2617 hodic
1209 2551 1352 2613 otim
1394 2546 1559 2609 malo
1599 2542 1805 2608 hercle
1833 2541 2039 2607 vostro
2074 2541 2247 2608 huno
2263 2542 2464 2626 fertis,
2505 2541 2756 2607 Mittite.

1475 2728 1868 2738 ———-.—-
1883 2729 1920 2732 ,ν
1953 2727 1965 2731 -

781 2864 886 2928 ΙΠ.
927 2866 966 2926 3
1013 2882 1104 2924 νε.
1158 2862 1258 2923 15.

614 3055 623 3070 ⁸
689 2969 985 3037 Sermoni
1026 2968 1175 3053 jam
1207 2963 1400 3048 finem
1451 2962 1595 3047 sace
1637 2968 1744 3024 tuo
1791 2959 1988 3044 hujus
2034 2976 2392 3024 sermonem
2428 2955 2766 3038 accipiam.

693 3077 1057 3164 Transpone
1109 3088 1394 3135 caesurae
1435 3063 1664 3148 gratia:
1712 3072 1819 3128 tuo
1850 3066 2034 3149 sace,-
2081 3083 2270 3151 supra
2315 3082 2405 3127 νε.
2450 3064 2487 3124 4
2522 3059 2765 3144 corrige

700 3189 810 3244 tua
844 3181 1018 3243 milzi.
1106 3175 1177 3238 In
1230 3193 1415 3236 versu
1457 3170 1533 3231 21
1584 3168 1634 3231 si
1665 3187 1782 3256 pro
1823 3168 1936 3233 tihi
1963 3167 2285 3256 scripseris
2316 3170 2477 3234 mihi
2517 3180 2579 3232 et
2618 3188 2770 3231 ver-

701 3304 801 3348 sus
820 3296 881 3347 et
896 3303 1108 3348 sensus
1124 3276 1343 3345 melius
1360 3271 1701 3339 habebunt.
1736 3273 1807 3336 In
1827 3292 2009 3336 versu
2043 3277 2121 3337 19
2146 3269 2431 3356 legerim:
2455 3273 2769 3357 qun'tey

1473 3462 1753 3470 ᾖσι,
1762 3461 1982 3468 ——m—--a-

790 3595 894 3658 III.
945 3597 1002 3656 3.
1044 3610 1119 3654 νε
1166 3589 1248 3651 24
1287 3610 1376 3676 sq.

706 3701 759 3766 0
795 3702 979 3765 melle
1022 3696 1193 3759 dulci
1227 3694 1466 3757 dulcior
1500 3692 1662 3756 mihi
1695 3700 1764 3755 tu
1802 3697 1892 3753 ess.
1911 3725 1997 3736 —
2015 3687 2196 3753 Certe
2235 3688 2405 3751 enim
2449 3692 2519 3749 tw
2545 3686 2676 3749 vica
2692 3703 2768 3749 es

702 3804 882 3868 mihi.
919 3802 1358 3884 Complectere.
1382 3834 1471 3843 —
1483 3796 1649 3881 facio
1666 3794 1913 3860 lubens.
1929 3827 2015 3837 —
2030 3788 2278 3855 utinam
2293 3789 2383 3852 sic
2399 3787 2773 3870 efferamur!

705 3907 807 3971 Sic
863 3903 1057 3990 vulgo
1117 3918 1179 3968 et
1243 3901 1533 3967 Weisius.
1582 3899 1703 3964 Sed
1757 3919 1970 3963 versus
2002 3893 2307 3986 posterior
2351 3888 2550 3956 tribus
2588 3886 2768 3951 labo-

706 4029 804 4079 rat
845 4012 1031 4077 vitiis.
1075 4012 1350 4075 Primum
1390 4008 1551 4072 mihi
1573 4024 1809 4068 novum
1831 4009 2079 4066 versum
2102 3995 2403 4062 inchoans
2425 4046 2441 4074 ‚
2473 3990 2634 4058 male
2665 3991 2772 4056 di·-

709 4117 963 4215 vellitur
1022 4140 1056 4182 a
1109 4113 1347 4205 reliqua
1408 4112 1713 4191 oratione,
1774 4107 1944 4201 quod
1987 4127 2114 4173 non
2157 4118 2246 4172 est
2279 4126 2355 4169 ex
2387 4099 2590 4166 Plauti
2626 4121 2774 4166 con-
