3123 5126
1636 544 1786 605 64-

633 734 679 801 Ι.
715 739 754 800 2
802 757 890 801 vs,
944 738 1054 800 14:

636 844 783 910 No'n
817 844 1081 929 faciant.
1138 841 1305 922 Quid
1339 842 1431 907 mi
1472 842 1713 925 opus'st
1758 843 2017 908 de‘ourso
2061 845 2287 908 aestatis
2330 844 2534 928 spatie}
2566 862 2714 908 cum

623 1024 627 1029 ,
2587 949 2704 1012 eis.

633 1050 761 1113 Hos
825 1070 1114 1115 numeros
1190 1049 1300 1140 qui
1355 1044 1614 1137 probet,
1686 1047 1998 1113 neminem
2045 1061 2204 1137 puto
2251 1063 2563 1140 repertum
2608 1052 2706 1117 iri.

634 1154 796 1221 Vide
858 1168 1066 1221 autem
1112 1177 1302 1245 quam
1348 1176 1497 1219 vera
1550 1154 1633 1219 sit
1671 1150 1941 1218 Acidalii
1990 1154 2386 1239 conjectura3
2423 1156 2711 1244 particu-

631 1255 761 1325 lam
793 1274 1122 1344 negantem
1163 1257 1270 1325 ille
1311 1256 1592 1325 exsulare
1614 1260 1828 1345 jussit,
1873 1258 2213 1324 sententiae
2246 1270 2489 1323 tantum
2525 1281 2710 1348 opem

630 1385 694 1429 se
738 1364 898 1431 ferre
937 1380 1148 1447 ratus;
1192 1379 1257 1429 at
1295 1361 1402 1430 ille
1448 1364 1813 1455 imprudens
1859 1366 2068 1431 versui
2109 1387 2358 1456 quoque
2402 1364 2709 1431 medelam

631 1468 880 1551 attulit,
943 1475 1120 1560 cujus
1186 1493 1333 1562 pars
1393 1473 1572 1561 prior
1622 1472 1924 1538 continuo
1983 1462 2345 1556 erigitur'et
2390 1471 2570 1561 quasi
2606 1492 2710 1536 ex-

635 1571 865 1638 sultat:

634 1680 922 1745 Fa'ciant.
983 1683 1149 1762 Quid
1195 1683 1289 1746 mi
1324 1685 1567 1765 opus-'st
1610 1684 1871 1747 decurso
1910 1681 2136 1745 aetatis
2174 1681 2378 1763 spdtae‘o
2421 1700 2566 1745 cum
2600 1683 2709 1747 eis.

634 1780 826 1849 Vides
873 1797 1077 1847 tamen
1131 1798 1477 1849 extremum
1533 1805 1784 1848 versum
1826 1784 2045 1848 misere
2083 1780 2290 1846 adhuc
2337 1780 2706 1851 claudicare.

634 1884 757 1950 Sed
812 1906 937 1950 non
975 1884 1226 1966 dubim,
1273 1887 1457 1977 quin,
1502 1886 1815 1972 geminata
1859 1910 1984 1952 una
2026 1885 2206 1951 litera
2240 1884 2574 1972 legendum
2592 1890 2707 1962 sit:

632 1992 918 2059 Faciant.
968 1995 1135 2074 Quid
1172 1996 1266 2058 mi
1297 1996 1542 2077 optis'st
1579 1997 1840 2059 decurso
1879 1996 2105 2059 aetdtis
2141 1997 2344 2075 spatio
2373 1997 2516 2058 mim
2552 1997 2712 2059 meis

638 2104 854 2183 qe‘rere
872 2142 877 2149 ·
895 2098 1133 2164 bellum
1152 2107 1180 2161 2

631 2224 792 2293 quae
830 2203 978 2267 item
1021 2203 1381 2288 conjectura
1425 2204 1766 2269 sententiae
1805 2224 1932 2267 non
1984 2204 2224 2283 minus,
2263 2227 2452 2295 quam
2492 2227 2710 2271 nume·

631 2309 718 2375 ris
756 2307 1041 2375 salutaris
1080 2323 1188 2374 est.
1277 2310 1480 2390 Quam
1514 2308 1781 2400 pulchre
1830 2311 1996 2373 enim
2035 2309 2232 2400 patris
2283 2308 2538 2377 affectus
2585 2312 2708 2377 hoc

630 2412 946 2481 vocabulo
1006 2414 1334 2503 pingitur!
1449 2416 1574 2480 Nec
1641 2417 1880 2482 bellum
1937 2437 2153 2500 qerero
2213 2414 2501 2481 universe
2523 2466 2539 2496 ,
2599 2416 2710 2481 sed

631 2538 779 2586 oum
853 2523 989 2588 suis
1043 2530 1292 2607 patrem
1354 2518 1589 2586 bellum
1653 2542 1860 2606 gerere
1883 2571 1900 2599 ,
1974 2518 2038 2583 id
2086 2518 2336 2584 demum
2381 2518 2711 2604 indignum

632 2637 740 2690 est.
785 2626 869 2690 cf.
919 2648 1066 2690 mox
1103 2648 1193 2689 vs,
1241 2629 1358 2704 21,
1397 2624 1507 2689 ubi
1561 2626 1791 2689 iterum
1852 2624 1928 2689 de
1979 2621 2228 2688 filiabus
2292 2624 2417 2689 suis
2474 2646 2698 2692 senex:

631 2748 742 2815 eqo
775 2751 953 2796 meas
988 2733 1138 2795 novi
1174 2737 1461 2812 optume,
1504 2739 1566 2790 et
1595 2727 1747 2790 Asin
1781 2728 1845 2805 1,
1886 2731 1914 2790 l
1961 2749 2050 2791 vs,
2104 2730 2225 2790 52:

720 2834 921 2920 Atque
957 2842 1064 2918 ⁶190
1103 2855 1206 2899 me
1240 2835 1308 2897 id
1340 2833 1556 2917 facere
1595 2835 1847 2898 studeo.-
1885 2836 2024 2898 volo
2065 2837 2278 2899 amari
2312 2831 2354 2894 ά
2387 2837 2569 2900 meis.

632 2938 868 3005 Terent.
905 2938 1021 3004 Ad.
1062 2939 1133 3007 V.
1183 2941 1220 3002 4
1273 2960 1362 3003 vs.
1413 2939 1525 3001 25:
1616 2929 1749 3022 qu
1807 2959 2051 3023 quoque
2088 2961 2130 3004 a
2163 2944 2323 3006 meis
2361 2961 2465 3006 me
2498 2942 2708 3005 amdri

633 3058 698 3113 et
732 3047 953 3130 maqm'
988 3047 1183 3127 pondi
1212 3046 1476 3128 pdstulo.
1522 3044 1661 3106 Jam
1710 3042 1821 3132 qui
1865 3040 2097 3107 factum
2143 3043 2256 3122 sit,
2289 3057 2359 3107 ut
2395 3063 2525 3110 non
2556 3042 2705 3106 huic

633 3149 840 3216 versui
881 3149 961 3214 sit
988 3146 1330 3238 praefixum
1352 3197 1369 3225 ,
1397 3147 1625 3211 coniici
1689 3143 2000 3211 difficicile
2061 3161 2186 3227 est;
2230 3148 2463 3236 passim
2495 3161 2699 3211 tamen

632 3254 698 3318 in
721 3251 931 3318 codd..
981 3251 1287 3340 ejusmodi
1315 3250 1870 3342 deprehenduntur
1915 3273 2150 3317 errores
2172 3303 2188 3332 ,
2223 3274 2491 3344 quorum
2518 3274 2704 3318 causa

633 3371 743 3422 aut
776 3357 951 3442 origo
982 3378 1111 3420 non
1155 3368 1438 3449 apparet.
1532 3354 1607 3417 In
1650 3354 1981 3437 negatione
2006 3370 2212 3421 autem
2236 3356 2339 3423 vel
2360 3359 2704 3424 omittenda

629 3460 736 3529 vel
770 3461 1084 3540 addenda,
1131 3458 1498 3526 incredibile
1547 3458 1726 3523 dictu
1764 3473 1857 3525 est
1900 3460 2144 3550 quoties
2188 3465 2586 3552 peccaverint
2626 3460 2703 3527 li-

632 3565 840 3633 brarii.
880 3565 1213 3632 Declarant
1232 3563 1354 3630 hoc
1384 3563 1613 3630 Bakius
1636 3563 1717 3628 ad
1734 3564 1856 3630 Cic.
1892 3564 1970 3630 de
1984 3567 2162 3652 Legg.
2194 3570 2240 3634 Ι.
2262 3591 2350 3634 vs.
2379 3573 2483 3635 49.
2533 3569 2703 3635 Mad-

629 3672 741 3757 vig
778 3672 856 3737 ad
893 3673 1013 3739 Cic.
1062 3672 1139 3737 de
1176 3670 1306 3736 Fin.
1333 3671 1602 3762 passim,
1649 3669 1773 3736 alii.
1845 3671 2164 3737 Caeterum
2202 3670 2445 3738 literam
2484 3671 2658 3738 illam
2682 3725 2699 3753 ,

634 3799 823 3868 quam
859 3799 972 3863 ego
1004 3777 1270 3857 inserui,
1317 3774 1499 3842 facile
1543 3776 1826 3842 excidere
1851 3777 2130 3867 potuisse
2150 3827 2166 3856 ,
2191 3792 2252 3843 et
2275 3794 2497 3868 sponte
2519 3776 2701 3843 intel-

633 3884 887 3968 ligitur,
919 3899 980 3950 et
1025 3883 1206 3950 docet
1253 3885 1439 3949 etiam
1484 3882 1659 3950 locus
1703 3883 1972 3950 Terentii
2012 3883 2228 3947 Heaut.
2263 3883 2337 3948 ΙΙ.
2383 3886 2454 3964 4,
2477 3905 2565 3950 vs.
2595 3886 2693 3949 27.

1861 3992 2122 4056 terame
2157 3998 2255 4066 te,

926 4099 1247 4182 Antiphila
1268 4152 1285 4180 ,
1353 4102 1633 4166 maxime
1670 4097 1885 4165 (inimo
1925 4103 2218 4181 ceroptata·
2257 4114 2409 4161 meo.
