3123 5126
1377 578 1455 639 27

378 765 501 831 Sic
552 785 793 846 omnes,
841 767 907 831 ni
962 765 1187 849 fallor,
1226 766 1409 851 libri,
1462 772 1736 836 numeris
1815 770 2176 837 durissimis,
2284 772 2449 859 Ego,

377 883 634 941 mutato
692 868 1025 939 verborum
1055 874 1301 953 ordine,
1345 874 1676 962 legendum
1716 877 2013 963 conjicio:

453 975 570 1042 A&
607 997 715 1061 090
754 988 815 1044 to
854 980 1162 1065 majorem
1202 984 1378 1048 video
1427 985 1660 1069 ma'jor.
1719 984 1902 1049 Hem
1946 988 2207 1050 rursum
2243 986 2397 1050 tihi!

380 1080 506 1170 qui
563 1081 721 1147 ordo
784 1096 846 1150 et
912 1080 1253 1169 elegantior
1307 1100 1438 1166 est,
1499 1087 1821 1178 magisque
1869 1083 2102 1153 latinus
2157 1088 2257 1177 (cf.
2312 1110 2361 1153 e.
2398 1113 2454 1175 g.

379 1185 617 1277 Amph.
656 1188 732 1252 Π.
786 1192 814 1251 1
870 1211 961 1254 vs.
1000 1192 1117 1254 77:
1172 1194 1539 1276 vigilantem
1598 1194 1708 1258 ine
1747 1200 1858 1257 me‘
1873 1193 2262 1278 jamdudum
2305 1196 2460 1278 viqi-

381 1293 540 1358 lam
591 1297 827 1377 puynis
868 1296 1160 1362 cdntudit.
1249 1296 1420 1363 Asin.
1459 1296 1565 1361 111.
1614 1298 1652 1360 2
1705 1318 1795 1361 vs.
1857 1298 1933 1359 41
1995 1299 2459 1385 lacrumdmem

381 1399 628 1463 lacinia
671 1408 843 1465 tenet
885 1399 1272 1487 lacrumans)
1322 1415 1383 1467 et
1422 1422 1671 1467 versum
1716 1399 1924 1465 reddit
1989 1397 2190 1465 multo
2244 1422 2459 1469 nume-

386 1501 727 1585 rosiorem,
792 1503 1046 1570 reducta
1119 1503 1395 1591 legitima
1476 1528 1760 1584 caesura,
1843 1507 2202 1597 evitatoque
2254 1504 2450 1572 hiatu.

383 1608 653 1674 Accedit
716 1610 886 1700 quod
936 1608 1152 1676 eodem
1206 1610 1426 1675 ordine
1469 1607 1947 1699 Aristophontes
1988 1609 2238 1679 dixerat.
2270 1632 2456 1678 versu

383 1712 818 1800 praecedenti:
848 1719 1124 1797 priorum
1162 1727 1222 1782 to
1259 1717 1435 1784 video
1467 1735 1666 1800 puer,
1702 1735 1885 1804 quem
1923 1708 2220 1779 ordinem‘
2237 1715 2457 1801 jocans

386 1814 676 1882 imitatur
744 1817 1087 1905 Tyndarus,

477 2129 1156 2286 111N2.03lsbmln22a.misi
1179 2268 1196 2298 ‚
1247 2219 1502 2304 reliqwit
1536 2220 1792 2302 pignori
1821 2219 2173 2303 putamina.

476 2317 838 2408 Subjectum
881 2331 986 2393 τοῦ
1036 2326 1291 2410 reliquit
1337 2323 1523 2387 nimis
1559 2336 1864 2388 remotum
1906 2323 2119 2403 est3in
2144 2319 2458 2416 plerisque

383 2441 597 2493 autem
620 2476 636 2507 ‚
677 2428 874 2520 iisque
923 2429 1178 2518 optimis
1215 2426 1536 2493 codicibus
1575 2425 1802 2512 legitur
1840 2432 2103 2513 reliqui,
2151 2427 2323 2519 quod
2357 2452 2453 2494 re-

386 2536 559 2626 cepit
614 2533 1066 2615 LindemanuS,
1131 2556 1245 2620 ego
1309 2556 1434 2602 non
1503 2531 1804 2619 intelligo.
1894 2532 2016 2598 Sed
2057 2555 2217 2598 unus
2256 2533 2454 2600 codex

384 2639 657 2732 Guelph.
697 2638 887 2705 habet
918 2645 1043 2707 reli
1078 2640 1213 2729 (sic)
1257 2637 1481 2705 lacuna
1520 2637 1755 2706 relicta.
1861 2639 2057 2706 Credo
2109 2642 2454 2732 antiquitus

383 2748 687 2836 scriptum
736 2745 922 2811 fuisse
959 2751 1114 2825 reti,
1148 2746 1315 2811 unde
1345 2744 1735 2812 efficiendum
1773 2752 2052 2827 retinui,
2086 2770 2267 2813 sensu
2308 2771 2457 2837 per-

385 2852 607 2941 spicuo
670 2864 732 2916 et
789 2848 1125 2917 luculento.
1214 2852 1503 2916 Servavit
1546 2851 1709 2915 hanc
1759 2853 2128 2940 scripturam
2178 2852 2454 2918 Donatus

387 2958 470 3021 ad
513 2959 645 3023 Ter.
690 2956 805 3021 Ad.
856 2957 927 3024 V.
969 2959 1008 3020 3
1047 2978 1135 3021 vs.
1182 2956 1280 3018 10.

1183 3209 1644 3219 *ῃ*-

477 3366 582 3431 111.
634 3371 670 3431 5
717 3389 808 3431 vs.
858 3368 958 3430 24.

578 3574 753 3637 Dum
797 3593 880 3636 ne
918 3572 994 3636 ob
1029 3571 1364 3655 malefacta
1400 3588 1697 3653 peream,
1738 3569 1923 3650 parvi
1963 3565 2244 3629 aestimo.

479 3679 592 3743 Hic
640 3699 851 3743 versus
892 3673 1089 3740 multo
1133 3670 1352 3737 melius
1398 3670 1726 3735 cohaerere
1786 3668 2036 3732 videtur
2077 3688 2218 3729 cum
2261 3686 2453 3754 prae-

390 3784 680 3863 cedente,
736 3785 787 3849 si
852 3796 995 3872 post
1039 3783 1378 3867 malefacta
1435 3768 1869 3862 distinguatur.
1959 3771 2192 3838 Deinde
2242 3793 2316 3835 ex
2369 3767 2453 3835 li-

394 3888 519 3956 bris
563 3890 937 3982 quibusdam
998 3885 1391 3953 inserendum
1433 3884 1620 3948 credo
1676 3901 2021 3972 pronomen
2067 3882 2170 3943 id:

479 3997 653 4063 Dum
698 4017 780 4061 ne
825 3997 901 4062 ob
951 3995 1324 4079 malefacta,
1372 3997 1634 4074 perca-m
1654 4015 1677 4065 ;
1716 3989 1904 4072 parvi
1945 3988 2011 4049 id
2064 3992 2362 4050 ac'stumo.

394 4081 541 4166 Cum
604 4102 939 4167 maximum
1017 4097 1071 4163 ei
1121 4097 1464 4163 cruciatum
1520 4093 1789 4160 minatus
1854 4105 2008 4157 esset
2066 4089 2289 4174 HegiO,
2357 4089 2456 4154 vel
