3123 5126
1643 562 1726 622 90

650 747 845 814 Bentl.
901 751 1083 815 »Nec
1140 764 1441 830 metrum,
1502 773 1617 816 nec
1674 753 1978 818 sententia
2017 750 2166 817 huic
2200 754 2729 834 versuiconstat3

653 881 685 918 »
720 860 890 920 lla-10
925 856 986 918 in
1029 852 1207 919 nullo
1247 877 1321 919 ex
1361 856 1591 921 nostris
1632 869 1739 921 est.
1779 859 2066 945 Repone:

650 962 856 1024 Immo
899 963 1022 1026 scis
1068 966 1284 1045 potitos
1310 1013 1326 1038 ‚
1401 964 1596 1046 qudm
1648 966 1902 1048 quidem
1959 966 2123 1029 redit
2161 966 2246 1029 ad
2278 965 2599 1047 inteqrum
2634 983 2733 1035 ea,-

995 1143 1001 1152 ,
1075 1052 1083 1063 “
2333 1070 2473 1132 dem
2511 1067 2731 1132 oratio.

648 1169 882 1232 »Scias
912 1189 990 1232 an
1041 1169 1277 1234 nescias
1302 1219 1316 1248 ,
1361 1168 1624 1258 perinde
1658 1182 1765 1234 est.
1811 1168 1911 1234 Ad
1954 1171 2264 1254 integrum
2304 1169 2467 1235 redit
2514 1170 2732 1235 eadem

644 1298 677 1337 »
705 1273 905 1337 oratio
930 1323 946 1352 ,
994 1274 1127 1339 sive
1145 1274 1303 1339 scire
1348 1289 1406 1339 te
1430 1272 1550 1339 hoc
1587 1274 1827 1353 dicam,
1862 1273 1993 1340 sive
2019 1274 2269 1340 nescire.
2319 1281 2450 1349 Una
2474 1275 2731 1341 eadem-

646 1401 680 1442 »
714 1400 837 1468 que
894 1380 1095 1443 oratio
1161 1392 1251 1444 est
1312 1378 1376 1443 in
1439 1401 1504 1445 re
1560 1392 1706 1458 tua,
1765 1382 1926 1445 seire
1985 1392 2047 1443 et
2102 1378 2401 1444 nescire.''
2464 1379 2730 1469 Scripsit

646 1484 837 1566 igitur
877 1480 1194 1569 Bentlejus
1232 1486 1427 1550 Redit
1463 1506 1581 1574 pro
1635 1487 1908 1561 Redeat,
1972 1484 2381 1574 distinxitque
2423 1497 2570 1572 post
2600 1486 2728 1549 Po-

646 1590 811 1665 tius,
856 1588 1061 1652 versui
1109 1589 1351 1672 egregie
1401 1587 1729 1654 consulens
1752 1639 1768 1667 ,
1809 1588 1936 1654 sed*
1952 1588 2340 1667 sententiam,
2360 1610 2458 1653 me
2472 1587 2686 1674 judice
2711 1637 2727 1665 ,

643 1693 892 1796 penitus
954 1708 1254 1758 evertens.
1346 1691 1624 1757 Primum
1681 1697 1764 1758 ad
1820 1697 2136 1778 inteqrum
2182 1696 2345 1760 redit
2384 1691 2728 1782 explicavit

643 1802 861 1864 eodem
918 1803 1119 1877 redit,
1165 1802 1428 1883 perinde
1481 1809 1614 1877 est,
1656 1800 1835 1884 cujus
1874 1820 2021 1873 usus
2053 1798 2424 1887 priusquam
2452 1798 2729 1863 certissi-

643 1925 813 1967 mum
852 1902 1008 1967 mihi
1049 1902 1341 1967 afferatur
1389 1900 1745 1992 exemplum
1768 1952 1783 1981 ‚
1817 1924 1944 1966 non
1996 1904 2243 1968 credam
2281 1908 2366 1968 ad
2406 1906 2727 1988 inteqrwm

641 2012 808 2074 redit
850 2007 970 2072 hoc
1014 2032 1198 2075 sensu
1225 2009 1446 2073 Latine
1485 2008 1629 2073 dici.
1720 2009 1956 2074 Deinde
1998 2029 2192 2094 quam
2237 2006 2489 2073 videtur
2547 2028 2722 2071 acce-

638 2114 805 2204 pisse
832 2136 951 2204 pro
993 2124 1101 2194 ut,
1156 2118 1635 2196 θαυμαστικῶςε
1684 2136 1875 2201 quam
1937 2118 2145 2180 redit!
2207 2115 2291 2179 Ut
2334 2116 2541 2179 redit!
2592 2111 2727 2196 sig-

639 2241 916 2311 numque
985 2219 1412 2304 interrogandi
1472 2232 1701 2285 temere
1738 2219 1801 2283 in
1835 2219 2001 2283 notis
2040 2216 2295 2283 videtur
2336 2216 2724 2298 adhaesisse,

641 2338 807 2390 recte
836 2326 899 2388 in
936 2338 1110 2389 textu
1141 2325 1459 2389 omissum.
1554 2324 1743 2388 Miror
1778 2338 1984 2389 tamen
2031 2322 2325 2388 nonnihil
2360 2323 2422 2389 h.
2460 2321 2501 2389 l.
2537 2324 2715 2389 istam

637 2429 976 2496 Chremetis
1000 2427 1530 2494 exclamationem.
1563 2430 1686 2494 Nec
1707 2426 1915 2518 placet
1952 2449 2296 2518 pronomen
2340 2432 2561 2495 eadem
2582 2453 2598 2507 ;
2640 2451 2719 2494 ex

636 2532 899 2624 Bentleji
920 2537 1222 2603 sententia
1237 2536 1523 2603 Chremes
1554 2534 1756 2603 multo
1775 2534 1993 2603 melius
2014 2536 2267 2602 dixisset
2292 2545 2561 2623 utraque
2583 2557 2720 2603 ora-

634 2644 754 2719 tio;
789 2664 935 2705 nam
959 2664 1172 2707 revera
1197 2647 1362 2709 d‘uae
1385 2657 1529 2708 sunt
1551 2645 1861 2708 orationes
1884 2641 2073 2732 plane
2088 2642 2467 2720 contrariae,
2505 2655 2717 2706 utrum

636 2744 792 2809 scire
808 2768 943 2809 eam
968 2746 1216 2825 diceret,
1242 2769 1319 2810 an
1345 2749 1599 2812 nescire.
1624 2749 1941 2813 Postremo
1975 2747 2170 2838 (quod
2186 2743 2386 2811 multo
2425 2747 2718 2830 gravissi-

636 2871 806 2912 mum
826 2848 962 2935 est),
985 2863 1231 2941 recepta
1253 2848 1516 2937 Bentleji
1542 2848 1808 2916 lectione
1824 2865 1884 2915 et
1905 2851 2436 2940 interpretatione,
2456 2871 2582 2914 non
2600 2872 2715 2940 po-

637 2967 755 3018 test
790 2952 1088 3044 explicari
1133 2977 1345 3036 versus
1363 2977 1641 3047 sequens,
1692 2957 1757 3019 in
1792 2976 1916 3046 quo
1938 2956 2214 3020 Sostrata
2249 2955 2330 3020 ad
2355 2955 2576 3021 virum:
2593 2960 2714 3022 ini-

634 3079 800 3141 quus
828 3080 929 3136 es,
975 3058 1215 3148 inquit,
1261 3065 1374 3144 qui
1406 3081 1509 3125 me
1548 3070 1755 3126 tacere
1791 3064 1869 3125 de
1905 3082 1976 3125 re
2013 3071 2190 3126 tanta
2224 3064 2522 3145 postules.
2589 3059 2710 3124 Ubi

634 3159 799 3225 enim
826 3174 933 3224 aut
967 3160 1196 3252 quibus
1236 3161 1442 3228 verbis
1479 3161 1599 3226 hoc
1656 3161 2086 3252 postulaverat
2150 3162 2487 3230 Chremes?
2573 3167 2710 3230 Jam

633 3263 816 3343 vide,
878 3288 1066 3355 quam
1113 3268 1352 3352 egregie
1389 3267 1538 3333 huic
1586 3267 1728 3333 loco
1765 3271 2100 3335 conveniat
2138 3269 2357 3333 Faerni
2401 3270 2708 3360 interpre-

634 3370 821 3448 tatio,
858 3369 1124 3458 probata
1160 3371 1348 3436 etiam
1388 3395 1422 3435 a
1470 3372 1764 3437 Daceria:
1813 3374 2091 3437 Sostrata
2120 3394 2234 3461 per
2274 3371 2708 3456 interrogatio-

633 3483 776 3538 nem
843 3474 1089 3539 dicente
1136 3477 1271 3560 qu
1326 3482 1538 3544 neseio
1566 3489 1594 3543 .⁹
1647 3476 1967 3555 ChremeS,
2032 3482 2160 3543 imo
2191 3526 2207 3556 ‚
2250 3477 2488 3566 inquit,
2524 3481 2584 3544 si
2615 3481 2709 3543 ita

632 3583 835 3644 mavis
859 3629 876 3657 ‚
940 3584 1100 3645 seire
1143 3591 1202 3645 te
1237 3582 1483 3666 satem-,-
1524 3585 1593 3647 id
1640 3586 1811 3666 enim
1863 3586 2197 3648 concedere
2236 3575 2413 3646 -bnalo
2442 3632 2459 3660 ‚
2511 3603 2707 3667 quam

629 3687 788 3750 mihi
853 3706 934 3751 ece
990 3688 1233 3768 ineeqro
1302 3690 1587 3753 eamdem
1641 3692 1991 3756 orationem
2048 3688 2350 3753 emhibeas
2371 3736 2388 3764 ‚
2452 3708 2578 3771 quo
2634 3697 2704 3752 tu

631 3793 814 3855 modo
879 3812 1070 3856 aures
1117 3812 1292 3857 meas
1345 3794 1657 3859 obtudisti.
1748 3792 1990 3874 Quibus
2045 3790 2254 3857 verbis
2306 3813 2451 3855 cum
2493 3804 2706 3880 aperte

631 3890 904 3957 declaret
939 3916 1122 3958 senex
1146 3944 1162 3973 ,
1199 3917 1263 3959 se
1304 3891 1474 3960 nolle
1516 3918 1774 3993 ultorem
1814 3895 2051 3961 diutius
2069 3894 2311 3973 audire,
2381 3893 2449 3957 id
2497 3895 2705 3983 ipsum

632 3996 742 4064 illa
778 4023 1194 4091 conquerens,
1244 4007 1505 4088 iniquus
1548 4025 1648 4081 es,
1696 4002 1902 4092 inquit
1927 4052 1942 4081 ,
1983 4007 2094 4089 qui
2129 4022 2232 4066 me
2264 4010 2471 4065 tacere
2511 4003 2589 4066 de
2632 4021 2705 4063 re

631 4116 809 4171 conca
848 4111 1152 4191 postulas.
1243 4106 1387 4176 Vim
1440 4121 1646 4176 autem
1716 4105 1904 4193 hujus
1966 4111 2179 4173 'versus
2242 4099 2463 4169 melius
2513 4108 2700 4169 etiam
