3123 5126
1426 539 1508 600 43

427 760 666 807 manno
703 737 773 804 in
806 729 1193 854 praefatione
1228 728 1311 794 ad
1346 730 1779 795 Trinummum
1808 751 1949 819 pag.
1969 729 2100 795 XV.
2148 730 2276 815 Ego
2302 728 2515 797 nullus

431 842 697 920 dubito,
736 840 891 934 quin
932 836 1195 905 Plautus
1232 835 1580 941 scripserit:

564 952 835 1017 Nullum
877 954 1018 1012 osse
1060 948 1287 1030 opinor
1328 951 1438 1029 690
1483 962 1710 1028 aymam
1759 947 1831 1009 in
1872 948 2050 1011 ononi
2092 926 2243 1031 ἔφη
2285 945 2512 1017 Attico

454 1112 461 1118 .
557 1059 765 1139 aequa
798 1053 1100 1139 feracem,
1149 1054 1342 1135 qoam
1386 1052 1488 1115 hio
1532 1059 1632 1116 ost
1673 1056 1887 1116 noster
1929 1051 2343 1134 Pamphanes.

435 1158 660 1225 inserui
690 1152 1079 1248 particulam
1115 1158 1320 1234 omns}
1369 1175 1529 1244 quae
1576 1152 1925 1218 orationem
1965 1153 2175 1220 reddit
2213 1152 2516 1220 efficacio-

431 1286 558 1331 rem
578 1313 595 1342 ,
655 1281 944 1353 quaeque
980 1257 1296 1324 exciderat
1332 1271 1598 1348 propter
1629 1256 2105 1325 similitudinem
2142 1260 2518 1350 praeceden-

429 1369 589 1435 tium
629 1366 957 1433 literarum
1003 1368 1181 1439 mim·
1227 1363 1306 1428 cf.
1337 1364 1510 1428 Most.
1550 1363 1598 1426 1.
1642 1366 1672 1426 1
1722 1386 1810 1430 vs.
1856 1366 1973 1429 30:

518 1475 661 1555 Quo
705 1480 893 1537 na'mo
935 1473 1221 1554 adaeque
1252 1470 1593 1554 juventute
1637 1489 1720 1534 aa>
1762 1472 1942 1536 omni
1981 1469 2215 1536 A‘m‘co

523 1586 678 1642 anto
719 1576 840 1641 hdo
885 1584 980 1640 ost
1021 1575 1277 1640 habitu«
1316 1576 1587 1658 parcus,
1629 1595 1748 1640 nec
1791 1577 1996 1659 manis
2039 1576 2385 1641 cdntineas.

435 1680 609 1746 Idem
645 1676 1030 1745 vocabulum
1071 1693 1237 1743 recte
1286 1679 1548 1744 inseruit
1597 1678 1870 1744 Weisius
1925 1680 2087 1745 Pers.
2134 1680 2179 1744 1.
2229 1683 2260 1743 1
2305 1701 2396 1744 vs.
2448 1681 2522 1757 2,

432 1784 541 1851 sed
578 1782 722 1850 loco
760 1781 986 1849 alieno.
1063 1783 1427 1869 Legendum
1461 1782 1551 1848 ibi
1592 1797 1714 1850 est:
2375 1769 2380 1773 ⁸

518 1891 861 1976 Super-civit
903 1892 1239 1956 aerumnis
1283 1893 1420 1955 suis
1466 1894 1813 1956 aer-‹lmnas
1857 1909 2079 1956 omnes
2123 1892 2434 1958 Hmculis.

434 2000 514 2061 Ut
565 2018 721 2082 αρσι-
771 1995 862 2061 sic
906 2005 1094 2080 poter
1152 2015 1403 2085 quoque
1462 1995 1528 2059 in
1588 1993 1835 2060 casibus
1887 1991 2194 2084 obliquis,
2249 2009 2313 2059 et
2362 2017 2524 2086 quae

440 2097 590 2166 inde
652 2099 921 2166 veniunt
939 2148 958 2175 ‚
1011 2101 1260 2182 patria,
1313 2107 1590 2182 patruus
1651 2112 1776 2165 etc.
1813 2097 1986 2188 apud
2030 2096 2319 2164 Plautum
2367 2121 2525 2167 sem.-

439 2226 557 2294 per
600 2202 953 2292 corripiunt
1006 2200 1317 2290 priorem3
1375 2201 1553 2287 cujus
1608 2201 1696 2265 rei
1754 2208 2004 2269 chusam
2062 2225 2363 2295 quaerens
2385 2253 2401 2283 ,
2455 2204 2523 2269 in

439 2331 578 2374 eam
633 2303 876 2372 delatus
932 2327 1070 2370 sum
1131 2304 1550 2396 suspicionem
1569 2354 1586 2383 ,
1646 2302 1890 2371 literam
1930 2330 1966 2372 r
2017 2306 2222 2372 Plauti
2266 2306 2524 2375 auribus

437 2413 596 2480 adeo
638 2409 896 2478 mollem
935 2426 997 2476 et
1041 2408 1351 2502 liquidam
1395 2412 1596 2478 visam
1635 2410 1822 2478 fuisse
1842 2462 1858 2491 ‚
1902 2426 1973 2477 ut
1995 2432 2337 2503 numquam
2368 2432 2522 2476 con-

438 2518 723 2600 sonantis
768 2513 910 2581 loco
954 2514 1260 2583 habuerit.
1327 2514 1502 2582 Certe
1542 2518 1607 2580 in
1633 2517 1886 2583 labrum
1908 2538 2158 2610 quoque
2182 2538 2526 2608 numquam

437 2623 817 2716 produxisse
849 2621 1101 2688 videtur
1131 2622 1405 2712 priorem
1435 2633 1499 2685 et
1522 2621 1898 2706 Amphitruo
1921 2644 2163 2712 semper
2189 2620 2362 2712 apud
2382 2633 2527 2687 eum

434 2727 778 2798 secundam
841 2726 1120 2815 corripit.
1211 2724 1336 2792 Sed
1385 2723 1668 2791 nondum
1732 2747 1848 2810 ego
1904 2724 2054 2792 huic
2110 2729 2200 2794 rei
2249 2729 2527 2795 intentus

428 2830 762 2901 Plautinas
819 2827 1068 2896 fabulas
1122 2827 1377 2920 perlegi.
1468 2827 1770 2896 Nolebam
1826 2845 2034 2897 tamen
2102 2831 2268 2897 hanc
2318 2832 2528 2922 suspi-

431 2937 687 3003 cionem
743 2936 1031 3012 reticere,
1086 2947 1158 2999 ut
1211 2931 1369 3001 alios
1418 2935 1753 3008 excitarem
1812 2934 1893 2999 ad
1941 2957 2159 3001 verum
2203 2936 2524 3026 inquiren-

445 3040 593 3108 dum
611 3095 629 3122 ‚
678 3037 1206 3134 quemadmodum
1245 3039 1380 3128 ipse
1431 3061 1681 3131 quoque
1720 3041 2031 3130 inquirere
2070 3062 2345 3131 pergam.

444 3457 550 3521 111.
604 3461 634 3521 1
688 3459 941 3522 vs.10:

442 3563 519 3629 Si
549 3564 759 3631 hercle
790 3564 1090 3664 habeam,
1124 3567 1424 3648 pollicear
1448 3567 1708 3633 lubens.-
1746 3588 1968 3633 varum
1989 3568 2247 3652 aliquid,
2270 3566 2524 3647 aliqua,

2066 3674 2286 3756 aliquo
2313 3670 2523 3747 modo,

444 3776 741 3841 alicunde
755 3823 774 3853 ‚
813 3775 894 3840 ab
935 3776 1138 3859 aliqui
1158 3825 1174 3854 ‚
1222 3779 1438 3861 aliqua
1474 3777 1590 3842 tibi
1618 3796 1763 3859 spes
1797 3787 1893 3842 ast
1928 3778 2072 3861 fore
2105 3787 2358 3842 mactem
2389 3775 2531 3861 sor-

449 3985 511 4047 F.
547 3982 743 4050 Jacob
781 3933 1118 4077 utrumque
1150 3999 1401 4051 ‘versum
1429 3981 1780 4071 jambicum
1814 3981 2038 4050 habuit
2074 3888 2529 4058 tetramtgtm,

448 4087 878 4179 transpositis:
926 4110 1173 4159 mecum
1214 4091 1380 4177 sore,-
1422 4088 1696 4156 Weisius
1732 4089 2006 4178 priorem
2035 4085 2381 4176 jambicum
2402 4137 2418 4166 ,
2442 4083 2530 4154 al-
