3123 5126
1669 553 1752 613 82

668 744 775 807 Sic
819 742 991 807 dedit
1034 741 1370 829 BentlejuS.
1439 742 1510 804 In
1547 763 1732 807 versu
1771 742 1978 831 primo
2018 739 2181 807 illud
2219 744 2474 809 Phania
2514 740 2755 806 Critoni

674 847 979 913 tribuerat
1023 849 1333 927 Donatus,
1376 847 1547 938 qnod
1590 845 1814 912 salsum
1848 869 1977 912 esse
2014 842 2288 912 ostendit
2323 844 2638 934 Bentlejus
2670 847 2757 912 ad

674 950 736 1015 h.
770 948 809 1016 l.
873 953 994 1016 Sed
1021 977 1094 1019 ex
1119 953 1395 1041 ejusdem
1417 952 1645 1016 Donati
1669 951 2127 1016 commentariis
2150 964 2340 1040 patet,
2369 949 2557 1015 fuisse
2581 947 2756 1029 olim,

676 1056 786 1146 qui
822 1078 947 1120 non
983 1058 1253 1135 Critoni,
1300 1056 1405 1121 sed
1430 1053 1765 1146 Pamphilo
1791 1054 2170 1133 tribuerent,
2210 1053 2398 1145 idque
2429 1052 2753 1144 amplexus

674 1176 767 1226 est
805 1158 1143 1249 Bentlejus.
1217 1160 1367 1225 mihi
1414 1174 1706 1225 neutrum
1750 1158 2069 1250 probatur.
2143 1161 2299 1225 Nam
2344 1157 2520 1223 nulla
2566 1181 2754 1224 causa

672 1280 805 1331 erat
854 1267 1126 1345 Critoni,
1168 1289 1278 1331 cur
1310 1265 1433 1330 hoc
1472 1288 1700 1330 nomen
1736 1263 2041 1331 submissa
2083 1285 2235 1330 voce
2276 1264 2752 1354 pronuntiaret;

672 1374 910 1437 scilicet
952 1374 1158 1437 adhuc
1202 1375 1525 1453 dubitam,
1571 1395 1659 1438 an
1702 1379 1840 1458 ipse
1879 1378 1993 1453 sit,
2029 1373 2236 1463 inquit
2271 1373 2566 1437 Donatus,
2628 1370 2752 1435 Sed

676 1476 739 1537 in
781 1497 903 1565 seq.
948 1475 1134 1539 etiam
1178 1498 1362 1541 versu
1410 1478 1646 1567 pariter
1687 1475 1935 1541 dubitat
1976 1499 2055 1542 an
2094 1478 2227 1567 ipse
2267 1478 2379 1557 sit,
2443 1489 2504 1541 et
2545 1489 2751 1539 tamen

568 1576 571 1583 ’
677 1577 871 1644 libere
928 1582 1290 1671 opinionem
1351 1606 1527 1648 suam
1590 1583 1937 1672 profitetur.
2009 1582 2134 1647 Nec
2196 1576 2531 1670 Pamphilo
2588 1586 2754 1644 recte

678 1681 895 1761 datur,
950 1686 1186 1775 quippe
1225 1687 1333 1776 qui
1380 1708 1507 1750 non
1556 1710 1742 1752 ausus
1780 1686 1997 1751 fuisset
2040 1686 2388 1764 Critonem,
2432 1695 2754 1772 praesente

676 1802 890 1878 patre,
925 1788 1312 1855 submonere.
1379 1791 1520 1858 Vid.
1561 1813 1750 1881 supra
1785 1814 1875 1855 vs.
1922 1795 2034 1855 15:

678 1894 783 1957 ΡΑ.
806 1896 893 1959 Ni
917 1905 1199 1961 metuam
1212 1907 1482 1980 patrem,
1500 1898 1698 1964 habeo
1717 1917 1834 1981 pro
1851 1899 1970 1964 illa
1988 1919 2057 1963 re
2072 1900 2256 1964 illum
2275 1900 2440 1982 quod
2460 1895 2756 1961 monedm

2622 2002 2754 2066 obe.

682 2126 886 2194 neque
945 2104 1060 2168 ista
1132 2100 1447 2192 Pamphili
1509 2105 1773 2168 monitio
1826 2104 2131 2193 potuisset
2191 2101 2374 2170 facile
2438 2022 2755 2170 Simpdnem

677 2211 1062 2299 suspicacem
1105 2206 1328 2287 latere,
1394 2230 1537 2273 cum
1589 2210 1953 2299 praesertim
2007 2209 2093 2273 ita
2137 2207 2301 2275 illud
2340 2232 2564 2275 nomen
2607 2232 2757 2300 pro-

676 2314 954 2391 nuntiet,
1000 2326 1071 2377 ut
1116 2326 1177 2377 et
1219 2312 1388 2377 Crito
1438 2326 1500 2376 et
1543 2312 1832 2378 Chremes
1880 2313 2234 2379 exaudiant,
2290 2315 2458 2379 Infra
2500 2312 2758 2378 demum

674 2440 767 2482 νε.
813 2419 893 2481 40
934 2440 1072 2508 sqq.
1111 2417 1377 2481 Critonis
1409 2419 1742 2483 memoriae
1774 2417 2522 2509 succurritPamphiluS,
2565 2440 2757 2509 quem

677 2520 887 2588 locum
923 2543 1068 2588 cum
1103 2520 1225 2587 hoc
1262 2535 1474 2588 nostro
1511 2519 2032 2589 conferas‘velim.
2097 2523 2219 2590 Has
2256 2521 2337 2589 ob
2374 2544 2591 2588 causas
2622 2544 2755 2588 11011

679 2627 865 2691 credo
912 2641 1077 2692 recte
1124 2651 1159 2692 a
1204 2625 1484 2715 Bentlejo
1529 2628 1702 2693 hunc
1748 2628 1958 2694 locum
1996 2652 2125 2695 esse
2163 2631 2606 2712 constitutum3
2644 2632 2756 2698 sed

679 2732 920 2796 accedit
970 2732 1157 2795 etiam
1198 2727 1372 2795 aliud
1415 2747 1866 2818 argumentum.
1946 2732 2200 2799 Codices
2237 2732 2422 2820 longe
2458 2735 2752 2825 plurimi,

676 2839 742 2902 in
806 2835 1032 2927 quihus
1082 2835 1451 2918 Bembinus,
1506 2836 1666 2903 liber
1716 2839 1989 2929 optimae
2046 2854 2265 2919 notae,
2325 2839 2430 2904 hic
2484 2839 2753 2907 hahent:

676 2946 924 3010 Nomen
969 2954 1101 3010 tam
1138 2950 1255 3010 cito
1290 2942 1458 3006 tum?
1498 2946 1753 3009 Phania
1770 2946 1950 3010 Hem.
1998 2946 2294 3034 Suspicor
2313 2942 2472 3012 illud
2502 2950 2757 3013 Phania

675 3071 827 3113 casu
865 3048 1139 3138 quodam
1190 3050 1254 3113 in
1306 3061 1545 3112 textum
1589 3049 1940 3139 irrepsisse,
1990 3072 2116 3141 quo
2163 3050 2372 3116 demto
2421 3066 2482 3116 et
2535 3073 2749 3116 versus

670 3153 900 3216 evadet
942 3154 1249 3241 optimus,
1284 3167 1345 3216 et
1389 3175 1603 3216 sensus
1642 3150 2204 3235 luculentissimus,
2246 3155 2436 3221 modo
2483 3178 2594 3221 sua
2622 3155 2754 3219 cui,-

678 3282 798 3349 que
844 3281 1143 3348 personae
1190 3259 1628 3324 restituantur:

676 3368 768 3430 I‘s
792 3367 886 3432 ihi
903 3374 1192 3428 mortuus
1215 3372 1321 3429 e‘st.
1345 3362 1624 3449 Cfl.Ejus
1650 3375 1912 3430 nomen?
1929 3363 2033 3428 Cn.
2060 3365 2307 3430 Nomen
2331 3375 2462 3428 tam
2481 3364 2598 3428 cito
2623 3364 2749 3428 tibi.
2787 3393 2794 3404 ·

2456 3466 2752 3532 PA.Hem

672 3574 851 3637 Perii
872 3583 893 3635 !
928 3572 1038 3637 Cn.
1081 3593 1302 3638 verum
1341 3574 1546 3639 karole
1582 3575 1807 3657 opinor
1829 3577 2032 3659 fuisse
2055 3575 2414 3639 Phaniam:
2454 3575 2569 3638 Ιιοσ
2590 3575 2754 3637 certo

2446 3680 2591 3741 εοίο.
2640 3686 2746 3740 eto.

673 3780 989 3872 Pamphili
1056 3796 1201 3847 sunt
1263 3785 1427 3849 Hem
1466 3787 1686 3867 perii!
1743 3783 2073 3863 metuentis
2128 3803 2207 3845 ne
2250 3780 2564 3845 Critonem
2605 3777 2753 3842 defi-

664 3887 797 3951 ciat
852 3889 1165 3952 memoria.
1237 3889 1310 3953 Et
1370 3894 1532 3975 perii
1594 3889 1844 3979 quidem
1879 3893 2010 3976 jam
2056 3887 2284 3952 Donati
2332 3898 2610 3973 tempore
2645 3883 2755 3946 da-

669 3991 855 4057 batur
926 3990 1296 4082 Pamphilo,
1381 4018 1762 4087 quamquam
1845 3992 2007 4060 male
2072 3988 2349 4081 exPlicat
2424 3992 2750 4074 magister:

671 4121 702 4160 »
731 4102 921 4164 Perat
1016 4100 1145 4161 Hoc
1196 4098 1560 4187 Pamphilus
1606 4115 1750 4190 post
1797 4099 2191 4164 iracundiam
2241 4094 2496 4184 patris.”

1488 4238 1898 4263 W
