3123 5126
1173 1051 2223 1151 MENAECHMI.

755 1422 829 1484 Π.
879 1422 918 1483 2
965 1443 1053 1485 vs.
1105 1420 1220 1482 41:

755 1529 899 1591 Heu
942 1527 1146 1591 hercle
1188 1526 1509 1589 hominem
1553 1526 1829 1587 multum
1874 1532 1937 1590 et
1976 1526 2263 1589 odiosum
2301 1528 2497 1591 mihi!

666 1632 957 1695 Multum
977 1627 1045 1693 h.
1084 1625 1132 1692 l.
1176 1640 1499 1716 exponunt
1537 1631 1889 1693 molestum
1936 1624 2168 1691 Dubito
2208 1648 2285 1689 an
2323 1641 2529 1708 recte3
2567 1643 2736 1694 certe

668 1730 985 1823 exempla,
1053 1754 1211 1821 quae
1267 1730 1740 1820 producuntur,
1791 1752 2015 1821 parum
2066 1728 2355 1834 probant.
2433 1731 2535 1795 Sic
2578 1754 2627 1797 e.
2668 1757 2730 1817 g

667 1836 837 1927 apud
895 1837 1016 1902 Cic.
1057 1834 1134 1900 de
1170 1833 1289 1899 Off.
1327 1836 1404 1898 Π.
1451 1838 1569 1913 16,
1614 1837 1754 1919 §4,
1813 1856 1997 1924 quem
2057 1816 2265 1910 locum
2312 1834 2437 1900 huc
2468 1834 2730 1900 trahunt

664 1942 1065 2031 interpretes,
1103 1938 1212 2004 ubi
1244 1937 1710 2030 Theophrastus
1756 1937 1984 2003 dicitur
2023 1944 2263 2007 multus
2302 1963 2440 2008 esso
2476 1946 2546 2007 iu
2584 1946 2736 2007 law-

662 2051 877 2113 danda
936 2046 1434 2132 maqnificentia,
1490 2043 1599 2111 ille
1653 2045 1908 2136 quidem
1956 2045 2431 2135 reprehenditur
2473 2047 2732 2129 leviter,

663 2150 772 2216 sed
810 2150 982 2231 ideo,
1026 2151 1172 2242 quia
1223 2151 1288 2214 in
1335 2172 1401 2215 re
1435 2149 1648 2239 inepta
1685 2146 1946 2215 multam
1984 2152 2197 2239 posuit
2248 2173 2535 2242 operam,
2591 2152 2729 2217 lau-

662 2254 907 2320 dandus
950 2252 1186 2321 scilicet
1213 2305 1228 2334 ,
1287 2254 1431 2318 siv.
1474 2275 1526 2317 c.
1558 2257 1630 2319 in
1666 2256 1898 2319 virtute
1942 2257 2265 2320 laudanda
2288 2260 2542 2323 ‚multus
2583 2258 2730 2323 fuis·

661 2375 784 2440 set3
837 2383 913 2425 ex
954 2360 1195 2424 Afranii
1230 2359 1577 2443 fragmento
1619 2357 1790 2446 apud
1828 2358 2137 2436 Nonium,
2195 2382 2230 2422 a
2269 2358 2591 2424 Gronovio
2630 2362 2748 2449 ci-⁸

660 2479 829 2545 tat0,
887 2466 964 2531 de
1033 2462 1210 2531 verbi
1269 2464 1719 2550 significatione
1775 2462 1948 2529 haud
2003 2465 2149 2529 satis
2187 2476 2464 2544 constat3
2514 2460 2726 2529 locum

663 2585 869 2637 autem
912 2558 1167 2637 Catulli:

743 2677 991 2740 Multus
1028 2676 1212 2754 homo
1253 2695 1320 2739 es
1358 2675 1550 2750 Naso,
1584 2692 1738 2738 nam
1764 2682 1969 2740 tecum
1990 2677 2230 2740 multus
2256 2675 2441 2740 Immo
2473 2684 2598 2754 esc,
2617 2679 2734 2761 qui

922 2779 1272 2844 descendit.-
1321 2778 1496 2842 Naso
1538 2779 1781 2841 multus
1818 2797 1886 2843 es
1930 2787 1992 2842 et
2027 2779 2406 2861 pathicus..

660 2882 839 2950 aliter
893 2880 1337 2973 explicandum
1383 2902 1552 2958 esse,
1600 2879 1828 2944 docent
1863 2880 1944 2944 ad
1981 2903 2121 2946 eum
2163 2879 2372 2946 locum
2422 2883 2728 2974 interpre-

654 3003 763 3055 tes.
853 2986 1107 3066 Deinde,
1159 2987 1211 3051 si
1263 2983 1728 3070 grammaticam
1775 2998 2011 3072 spectes
2056 2985 2348 3052 vocabuli
2390 2989 2547 3069 vim,
2590 3012 2742 3058 non,

655 3108 917 3184 apparet
951 3115 1062 3157 cur
1094 3089 1300 3155 laudis
1342 3087 1552 3178 potius
1589 3109 1776 3176 quam
1804 3088 2114 3176 -vituperii
2153 3088 2380 3156 habeat
2413 3092 2743 3182 significa·.

650 3201 902 3263 tionem.
992 3197 1233 3261 Dicitur
1281 3193 1420 3284 quis
1465 3197 1707 3259 multus
1746 3190 1849 3258 vel
1886 3198 2210 3277 plurimus
2249 3193 2350 3261 vel
2391 3207 2555 3262 totus
2591 3217 2728 3261 esse

542 3357 547 3362 .
650 3305 720 3368 in
763 3326 829 3369 re
891 3299 1100 3392 aliqua
1126 3351 1141 3375 ,
1209 3319 1365 3390 quae
1436 3293 1781 3361 locutiones
1852 3318 2063 3363 omnes
2141 3321 2269 3364 non
2311 3301 2468 3394 ,nisi
2516 3299 2736 3383 gradu.

650 3412 817 3474 inter
872 3431 938 3474 se
1014 3407 1324 3473 differunt.
1417 3402 1908 3491 vituperationis
1963 3405 2282 3469 notionem
2338 3405 2586 3470 demum
2624 3406 2725 3469 in·

652 3512 791 3576 duit
843 3508 1113 3576 locutio:
1186 3511 1428 3575 nimius
1480 3518 1603 3586 est,
1649 3507 1836 3599 idque
1881 3509 2150 3575 naturali
2196 3526 2256 3577 et
2308 3517 2564 3602 propria
2603 3535 2716 3577 vo-

650 3612 861 3680 cabuli
912 3615 995 3679 vi.
1086 3615 1159 3679 Η.
1197 3610 1241 3677 l.
1280 3611 1468 3695 igitur
1499 3607 1708 3699 placet
1747 3609 2032 3677 Lambini
2082 3611 2301 3697 lectio,
2347 3618 2478 3683 sive
2521 3640 2590 3683 ea
2637 3640 2713 3683 ex

649 3722 1041 3806 conjectura,
1089 3719 1219 3783 sive
1264 3739 1338 3781 ex
1377 3713 1541 3779 libro
1594 3716 1697 3780 Ms.
1732 3717 2110 3805 profluxerit:

736 3825 882 3888 Heu
925 3825 1128 3888 hercle
1172 3823 1493 3887 hominem
1548 3824 1883 3887 molestum
1930 3835 1994 3890 et
2032 3828 2318 3892 odiosum
2363 3827 2534 3891 mihi.

649 3928 737 3995 sic
776 3929 941 3992 enim
975 3929 1246 3993 evitatur
1284 3946 1532 4016 quoque
1586 3922 1813 3990 hiatus».
