3123 5126
1357 564 1433 623 17

332 739 589 807 faciens
620 794 635 823 ,
693 745 986 813 simulata
1053 753 1378 819 iracundia
1465 760 1527 820 in
1603 756 1907 825 Libanum
1984 758 2420 831 debacchatur.

329 870 372 909 »
406 847 587 927 Quid
607 847 723 913 hoc
747 853 833 916 rei
872 869 963 918 est
985 856 1057 920 ‘2'’
1106 859 1313 948 inqui-t
1362 884 1395 924 »
1427 862 1596 927 itane
1629 885 1742 947 ego
1779 887 1814 927 a
1857 888 2038 931 servo
2078 890 2215 932 meo
2265 892 2422 933 con·

330 952 693 1016 »temnor?
770 980 922 1022 num
985 984 1100 1045 ego
1171 964 1429 1031 fortasse
1496 967 1802 1034 Libanum
1866 970 2056 1037 hodie
2122 971 2417 1039 libertum

326 1078 366 1118 ›>
395 1054 733 1124 salutavi?
778 1085 930 1127 num
973 1062 1279 1133 libertatis
1319 1092 1457 1134 eum
1481 1074 1617 1158 jam
1667 1073 1785 1138 seci
1831 1079 2235 1166 compotem?
2283 1080 2415 1143 Hoc

320 1182 362 1221 »
392 1162 519 1225 erit
569 1184 679 1227 cur
732 1187 859 1231 non
925 1172 1223 1236 venerit.''
1313 1173 1684 1242 Offendebat
1752 1202 2035 1270 quoque.-
2099 1204 2214 1248 vao
2257 1187 2419 1249 milti

320 1267 571 1334 hodie!
611 1287 877 1359 propter
932 1272 1267 1342 locutionis
1336 1279 1746 1346 insolentiam.

404 1582 495 1646 11.
538 1585 576 1645 4
614 1606 706 1648 vs,
757 1588 859 1651 65.

400 1690 592 1754 Malo
631 1691 839 1757 hercle
868 1695 1019 1779 jam
1058 1714 1288 1779 maqno
1321 1705 1428 1764 tuo
1474 1717 1647 1766 nuno
1680 1704 1792 1767 isti
1821 1724 1937 1770 nec
1969 1717 2139 1773 rocco
2173 1709 2341 1775 dicis.

312 1788 441 1855 Pro
480 1807 656 1858 nunc
707 1793 878 1883 quod
918 1817 1166 1861 versum
1204 1802 1583 1891 corrumpit,
1627 1805 2000 1873 novissimus
2035 1808 2242 1876 Plauti
2272 1812 2402 1878 edi·

312 1908 414 1960 tor
474 1897 727 1987 scripsit
785 1922 819 1962 »
845 1922 928 1967 ne
980 1902 1020 1966 i.
1056 1923 1105 1966 e.
1152 1922 1276 1970 nae
1301 1904 1357 1984 ;''
1417 1929 1765 1997 perperam.
1856 1912 2170 1980 Particula
2243 1914 2398 1984 haec

310 2014 586 2089 propter
619 2023 790 2082 eam,
824 2027 1012 2094 quam
1058 2022 1300 2072 exercet
1320 2057 1336 2086 ,
1384 2010 1534 2090 vim,
1565 2012 1628 2075 in
1656 2014 1836 2078 initio
1870 2018 2209 2084 sententiae
2240 2023 2398 2109 poni

309 2102 496 2169 solet.
588 2105 897 2193 Adjiciam
957 2109 1101 2189 hic,
1136 2111 1297 2200 quae
1361 2112 1437 2177 de
1476 2136 1594 2179 usu
1638 2115 1824 2203 hujus
1869 2120 2215 2208 particulae
2236 2124 2396 2188 dixit

305 2209 588 2275 Faernus
606 2211 686 2274 ad
700 2213 889 2277 Teren
899 2227 938 2277 t.
959 2213 1150 2277 Andr.
1171 2213 1333 2304 prol.
1353 2239 1441 2281 vs.
1462 2220 1557 2281 17:
1578 2217 1936 2285 »Caeterum
1956 2224 2128 2311 quod
2146 2224 2392 2297 Donato

308 2312 597 2380 »melius
633 2316 909 2396 videtur,
958 2340 1041 2385 ne
1067 2342 1185 2408 pro
1230 2323 1414 2387 valde
1438 2321 1659 2412 accipi,
1685 2325 2077 2392 considerent
2100 2327 2391 2395 observa*

307 2441 343 2481 »
370 2400 544 2485 tores
580 2417 830 2504 linguae
850 2420 1100 2500 latinae,
1140 2444 1217 2485 an
1243 2445 1312 2488 ea
1335 2422 1666 2514 particula,
1687 2427 1749 2490 in
1768 2426 1886 2492 hac
1905 2431 2040 2519 ipsa
2071 2434 2388 2517 significa-

310 2548 346 2591 »
372 2524 565 2605 tione,
613 2526 902 2616 usurpari
938 2526 1176 2616 possit,
1220 2528 1354 2593 sine
1398 2526 1660 2618 alicujus
1713 2531 2113 2619 adjunctione
2145 2560 2387 2628 prono-—

314 2629 562 2696 »minis
591 2681 607 2710 ,
649 2654 793 2694 nam
821 2645 881 2696 et
915 2631 977 2695 in
1018 2630 1315 2720 exemplis
1355 2633 1650 2698 aDonato
1693 2636 2014 2720 adductis,
2056 2657 2116 2708 et
2163 2645 2227 2708 in
2273 2646 2382 2724 iis,

308 2756 534 2825 »quae
571 2758 683 2801 nos
719 2733 1223 2817 observavimus,
1285 2734 1438 2803 haec
1481 2739 1794 2827 particula
1841 2762 1985 2836 post
2022 2771 2085 2813 se
2122 2747 2381 2841 aliquod

306 2865 340 2904 »
365 2838 561 2906 habet
631 2862 1013 2930 pronomen:
1065 2853 1176 2919 ut,
1251 2862 1333 2906 ne
1393 2844 1502 2907 isti
1570 2846 1969 2924 vehementer
2028 2864 2267 2932 errant,
2317 2868 2379 2917 et

304 2970 338 3010 »
362 2969 459 3014 aa
485 2951 606 3015 iste
641 2952 845 3014 haud·
873 2967 1120 3012 mecum
1171 2946 1422 3012 sontic.''
1490 2947 1654 3011 Haec
1696 2947 1844 3029 ille;
1882 2973 2154 3040 quocum
2209 2956 2285 3019 cf.
2310 2956 2371 3021 (2.
2429 3027 2456 3044 ἳ-

301 3050 380 3116 G.
439 3052 673 3141 Zumpt
738 3052 1076 3117 Grammat.
1151 3052 1278 3116 Lat.
1327 3054 1361 3136 §
1418 3054 1581 3116 360:
1648 3067 1710 3118 et
1770 3077 1916 3123 sane
1970 3059 2372 3126 usitatissima
2450 3069 2463 3086 ⁴

297 3156 458 3222 haec
498 3171 591 3222 est
643 3158 1032 3247 pronominis
1093 3156 1452 3243 adjunctio;
1497 3181 1877 3251 quamquam
1936 3177 2146 3230 noster
2190 3165 2362 3231 Trin.

295 3263 340 3328 I.
378 3266 432 3328 1.
463 3285 554 3327 vs.
587 3267 616 3326 1
644 3313 658 3342 ‚
706 3285 830 3329 nae
864 3266 1142 3328 amicum
1175 3266 1483 3346 castiqare
1504 3265 1581 3330 ob
1612 3269 1904 3331 meritam
1926 3273 2189 3334 noxiam
2215 3321 2231 3347 ‚
2257 3275 2368 3336 im·

296 3389 499 3434 niune
527 3377 623 3433 est
647 3371 936 3454 facinus,·
985 3388 1143 3456 quae
1177 3363 1362 3431 lectio
1408 3388 1533 3431 non
1574 3383 1665 3432 est
1708 3365 2120 3437 sollicitanda.
2165 3374 2365 3440 Minus

295 3485 464 3537 recte
514 3484 755 3549 autem,
821 3491 918 3535 me
966 3470 1220 3558 judice,
1288 3472 1492 3560 pergit
1568 3473 1733 3539 idem
1802 3475 2101 3542 Faernus:
2187 3487 2364 3545 »1166

296 3598 731 3665 »quemquam
785 3573 963 3640 fallat
1032 3575 1383 3667 exemplum
1461 3578 1683 3645 Lucilii
1744 3581 1906 3648 infra
1980 3583 2060 3648 ab
2119 3585 2361 3651 Donato

297 3708 330 3748 »
356 3684 732 3765 adductum,
762 3707 845 3751 ne
866 3689 936 3752 in
964 3707 1108 3752 arce
1133 3688 1351 3752 bovem
1387 3691 1692 3772 discerpsi
1722 3691 2051 3774 maynisice
2072 3741 2088 3762 ,
2127 3695 2353 3776 inquit.

296 3815 329 3855 ›>
355 3792 543 3870 Nam,
578 3813 661 3857 ne
698 3811 886 3874 quem
908 3795 977 3856 in
1006 3813 1149 3857 arce
1193 3813 1269 3855 ex
1312 3789 1488 3857 libris
1535 3794 1783 3882 scriptis
1830 3791 2159 3878 legendum
2209 3797 2378 3898 estff',

294 3895 526 3962 Vereor
588 3896 752 3959 enim
795 3917 1203 3984 magnopere,
1270 3908 1339 3958 ut
1383 3908 1526 3983 post
1593 3893 1758 3961 illud
1824 3921 1980 3976 nae,
2022 3897 2355 3966 relativum

294 4023 640 4089 pronomen
718 3999 925 4065 locum
983 3996 1210 4064 habere
1282 3999 1525 4088 possit3
1602 4001 1767 4065 istud
1840 4002 2193 4093 exemplum
2278 4030 2353 4072 ex

297 4103 531 4169 Lucilio
567 4107 903 4172 adductum
930 4104 1014 4168 ita
1047 4103 1288 4168 demum
1323 4119 1484 4190 recte
1516 4126 1579 4169 se
1615 4103 1888 4210 haberet,
1937 4109 2003 4171 ni
2055 4107 2258 4188 fallor,
2300 4111 2350 4174 si

2050 4220 2086 4278 2
