3123 5126
1395 540 1473 599 57

400 740 653 818 poetam
688 725 1063 791 mediocrem
1114 738 1175 790 et
1220 724 1440 792 Plauto
1506 729 1857 795 inferiorem
1912 727 2199 795 habuerit
2257 750 2469 800 aucto-

399 854 531 897 rem
563 852 807 898 necesse
849 844 955 896 est.
991 828 1315 921 Duplicem
1346 829 1498 898 olim
1537 832 1728 899 fuisse
1773 831 2069 915 fabulam,
2104 853 2249 902 sunt
2280 842 2465 906 etiam

403 936 527 1002 alia
566 960 724 1028 quae
786 952 1088 1023 arguant3
1148 938 1414 1004 maxime
1456 936 1821 1025 dittologiae
1851 990 1866 1019 ,
1918 963 2074 1031 quae
2114 944 2345 1032 passim
2399 948 2465 1011 in

398 1041 518 1107 hac
560 1039 774 1107 fabula
812 1055 1165 1107 occurrunt.
1239 1041 1341 1106 Sic
1375 1041 1586 1108 omnia
1618 1065 1689 1108 ea
1710 1092 1726 1122 ‚
1780 1066 1937 1134 quae
1987 1043 2280 1131 leguntur
2321 1064 2466 1140 post

398 1159 572 1212 actus
619 1146 825 1236 quinti
884 1168 1129 1213 scenam
1188 1159 1424 1212 sextam
1492 1146 1555 1212 in
1616 1146 1833 1213 eodem
1901 1146 2090 1239 plane
2139 1169 2467 1220 versantur
2555 1159 2560 1173 ’

396 1263 761 1334 argumento
817 1264 1003 1342 atque
1046 1274 1151 1330 ea,
1197 1275 1356 1343 quae
1396 1275 1580 1319 scena
1621 1253 1839 1345 quinta
1902 1255 2337 1338 continentur,
2382 1258 2465 1325 ob

392 1376 655 1444 eamque
696 1377 947 1420 causam
1008 1354 1160 1420 on
1207 1372 1491 1447 suspecta
1547 1356 1977 1437 habebantur3
2040 1382 2208 1425 nunc
2273 1384 2463 1442 vero,

392 1481 535 1524 cum
573 1475 635 1525 et
689 1461 752 1524 in
793 1461 1225 1552 antiquissimo
1275 1460 1496 1548 Angeli
1546 1465 1689 1549 Maji
1732 1463 1957 1530 Codice
2002 1463 2328 1551 legantur,
2400 1483 2463 1534 et

391 1587 791 1631 numerorum
841 1568 1002 1631 ratio
1051 1590 1126 1633 ex
1180 1568 1399 1633 eodem
1471 1568 1688 1635 codice
1752 1569 2064 1659 patefacta
2143 1571 2258 1650 sit,
2333 1594 2462 1637 non

389 1685 482 1735 est
525 1692 743 1749 causa,
780 1692 891 1735 cur
924 1668 1077 1736 haec
1120 1674 1331 1762 potius
1372 1694 1563 1763 quam
1609 1671 1720 1739 illa
1758 1671 1980 1738 Plauto
2007 1672 2460 1761 abjudicentur.

385 1772 489 1837 Sic
525 1771 717 1837 Actus
738 1772 785 1837 Ι.
810 1774 1064 1840 'Scenae
1101 1776 1160 1840 Π
1204 1799 1302 1842 vs.
1351 1779 1426 1856 8,
1469 1780 1532 1841 in
1580 1792 1729 1843 vett.
1781 1777 1927 1862 edd.
1970 1775 2230 1863 legitur:

470 1880 640 1946 Nam
684 1872 802 1945 aios
847 1902 1046 1965 usque
1091 1882 1169 1946 ab
1214 1903 1451 1948 aurora
1478 1935 1494 1961 ,
1547 1886 1631 1948 ad
1673 1885 1787 1949 hoc
1830 1887 1995 1969 quod
2037 1888 2167 1950 diei
2208 1895 2304 1952 esc
2329 1937 2346 1965 ,

464 1995 800 2069 postquam
844 1994 1102 2052 Aurora
1143 1989 1359 2053 itluoeit
1401 2006 1754 2073 numquam
1799 1993 2185 2056 cessavimus
2204 2042 2223 2069 ,

475 2107 554 2151 em
594 2091 912 2154 industria
957 2091 1183 2154 ambae
1225 2109 1580 2175 numquam
1625 2097 2166 2168 concessavimus;
2260 2110 2265 2125 ⁴

391 2208 454 2258 et
484 2194 614 2261 Act.
654 2196 726 2264 V.
774 2196 870 2261 Sc.
906 2196 965 2259 11
995 2219 1085 2261 vs.
1130 2198 1212 2260 75
1250 2218 1339 2285 sq.
1388 2195 1557 2284 apud
1593 2216 1840 2259 omnes:

559 2305 899 2367 Maledicta
932 2303 1080 2367 hinc
1122 2305 1308 2387 aufer
1334 2325 1354 2364 .-
1405 2303 1693 2385 linquam
1738 2302 2095 2383 compescas
2134 2304 2310 2389 sace,

555 2409 934 2474 Maledicere
977 2409 1123 2472 huic
1168 2417 1238 2471 tu
1284 2408 1693 2490 temperabis,
1741 2410 1801 2471 si
1842 2411 2038 2490 sapis.

379 2512 530 2577 item
566 2534 659 2576 vs.
707 2512 823 2576 83:
1656 2512 2031 2577 Antidamae
2072 2512 2282 2596 silium

470 2619 705 2703 quaero
729 2645 751 2693 ,·
801 2627 1223 2708 commonstra
1250 2668 1266 2694 ‚
1307 2619 1367 2682 si
1410 2620 1645 2683 novisti
1693 2618 2172 2701 Aqordstoclem.

384 2805 390 2818 Ι
465 2723 745 2807 Ecquem
787 2724 1244 2796 adolescentem
1289 2734 1358 2788 tu
1391 2724 1494 2788 laic
1537 2726 1772 2789 novisti
1813 2723 2273 2807 Aqordstoclem
2296 2737 2325 2791 ?

375 2840 489 2891 etc.
536 2825 659 2891 Sed
708 2824 1079 2916 plura‘cum
1122 2828 1187 2891 in
1238 2826 1356 2892 hac
1412 2824 1629 2891 fabula
1671 2825 1919 2892 turbata
1982 2831 2144 2909 sint,
2176 2843 2265 2893 ‚et
2333 2828 2454 2892 dif-

375 2929 600 2996 ficilior
654 2931 807 2997 haec
850 2933 931 2997 sit
971 2934 1289 3023 quaestio,
1350 2955 1540 3022 quam
1580 2945 1652 2996 ut
1705 2955 1740 2995 a
1799 2954 1897 2996 me
1942 2937 2079 3018 jam
2138 2955 2309 2997 nunc
2369 2933 2450 2998 ad

374 3036 685 3127 liquidum
716 3037 1127 3128 perducatur,
1173 3036 1329 3102 haec
1380 3036 1575 3101 verbo
1624 3037 1936 3102 monuisse
1978 3032 2257 3101 sufficiat.

1174 3324 1576 3334 ———-—

372 3512 533 3580 Prol.
581 3538 671 3581 vs.
722 3516 872 3579 120:
933 3517 1004 3579 Is
1049 3515 1152 3580 uli
1192 3515 1406 3579 Poeno
1452 3516 1722 3600 hujusce
1761 3517 1936 3599 patri
1984 3516 2205 3600 hospes·
2245 3515 2396 3602 fuit.

371 3618 554 3700 Quod
578 3642 769 3709 supra
804 3643 864 3709 p.
906 3621 985 3681 43
1024 3616 1213 3695 dixi,
1226 3627 1406 3703 pater
1447 3617 1510 3679 in
1563 3614 1808 3683 casibus
1846 3615 2117 3708 obliquis
2169 3618 2442 3708 priorem

369 3744 609 3813 semper
641 3720 1070 3813 corripere,id
1091 3718 1197 3785 hic
1238 3718 1412 3784 locus
1437 3719 1688 3786 videtur
1733 3722 2015 3788 refutare.
2104 3722 2228 3787 Sed
2268 3720 2442 3788 salva

366 3849 461 3893 res
512 3844 630 3904 est,
692 3845 754 3896 et
795 3844 886 3897 est
957 3826 1201 3918 potius,
1263 3826 1435 3917 quod
1480 3827 1719 3892 mireris
1776 3829 2183 3917 interpretum
2236 3847 2444 3922 socor-

367 3932 572 4013 diam,
619 3934 726 4024 qui
764 3957 891 4002 non
937 3933 1212 4001 viderint
1256 3955 1501 4002 sensum
1560 3934 1770 4024 ipsum
1809 3933 2119 4019 flagitare,
2186 3946 2254 3997 ut
2295 3930 2444 3999 scri-

367 4034 580 4102 batur:
876 4050 886 4066 '
