3123 5126
1512 560 1596 621 44

521 765 721 815 terum
766 747 1150 815 trochaicum
1192 749 1338 814 fecit
1377 750 1576 835 ejecto
1614 760 1722 816 est.
1819 751 2083 841 Uterque
2121 753 2409 840 peccavit
2442 772 2595 818 con·

519 870 615 920 tra
664 850 938 939 regulam
979 851 1058 918 ab
1102 856 1473 918 Hermanno.
1496 851 1815 921 verissime
1853 854 2296 935 constitutam,
2322 877 2421 951 ¹ne
2441 877 2598 946 pro-

518 960 983 1026 celeusmaticus
1035 955 1312 1023 trochaei
1356 954 1565 1022 locum
1603 970 1910 1047 occupet3
1974 956 2040 1021 in
2077 966 2264 1023 versu
2297 958 2470 1022 enim
2512 961 2594 1023 10

518 1064 848 1131 habemus:
925 1068 1141 1151 aliqua
1186 1067 1307 1144 ali,
1371 1077 1433 1129 et
1496 1064 1559 1128 in
1611 1087 1697 1130 vs.
1752 1066 1829 1127 11
1878 1061 2221 1128 secundum
2260 1060 2596 1128 Jacobum:

519 1174 722 1256 aliqu&
786 1174 890 1236 ali.
981 1163 1287 1252 Regulam
1348 1164 1509 1230 hanc
1571 1188 1648 1231 ex
1714 1166 1849 1256 ipsa
1904 1185 2304 1231 numerorum
2369 1180 2596 1231 natura

516 1275 779 1363 petitam
822 1295 951 1340 esse
990 1272 1138 1337 inde
1177 1272 1481 1361 comperi,
1543 1270 1716 1362 quod
1734 1321 1750 1350 ,
1795 1293 1939 1337 cum
1975 1293 2114 1336 eam
2163 1270 2370 1336 adhuc
2408 1272 2596 1357 igno-

519 1399 715 1443 rarem
738 1429 754 1458 ,
810 1391 900 1458 et,
948 1374 1083 1443 solo
1128 1376 1408 1443 Bentleio
1447 1378 1637 1457 duce,
1689 1399 1979 1443 numeros
2015 1374 2337 1442 Plautinos
2375 1391 2438 1442 et
2472 1377 2598 1441 Te—

517 1484 833 1549 rentianos
869 1504 1299 1574 persequerer,
1342 1505 1609 1573 cumque
1641 1480 1796 1547 mihi
1836 1504 2049 1548 versus
2092 1478 2434 1546 nonnullos
2473 1501 2596 1545 no-

518 1600 774 1665 tassem,
823 1587 934 1677 qui
970 1587 1199 1671 ingrati
1239 1586 1322 1651 ad
1366 1609 1541 1652 aures
1582 1609 1748 1652 meas
1788 1587 2165 1665 acciderent,
2203 1599 2423 1676 postea
2458 1584 2596 1650 vidi

517 1690 585 1754 id
627 1692 829 1780 ipsum
866 1693 943 1757 iis
980 1692 1207 1757 vitium
1251 1690 1496 1772 obesse,
1530 1692 1703 1783 quod
1740 1689 1954 1777 regula
1992 1689 2103 1756 illa
2132 1691 2596 1756 Hermanniana

518 1794 866 1861 damnatur.
937 1796 1144 1877 Quare
1204 1818 1372 1860 nunc
1417 1796 1715 1861 audacius
1757 1798 2134 1886 pronuntio,
2196 1817 2409 1861 versus
2447 1791 2592 1861 illos

520 1911 628 1963 aut
667 1921 796 1965 esse
832 1915 1190 1991 corruptos,
1241 1915 1349 1967 aut
1386 1899 1570 1968 aliter
1612 1924 1741 1968 esse
1782 1902 2302 1993 pronuntiandos.
2361 1903 2504 1967 Jam‘
2540 1903 2593 1967 si

518 2003 711 2071 verba
751 2019 1127 2095 spectamus,
1168 2004 1264 2072 his
1298 2004 1529 2091 legitur
1568 2009 1632 2072 in
1669 2006 1787 2072 hac
1825 2007 2129 2073 sententia
2152 2007 2397 2092 aliqua,
2434 2024 2592 2097 quae

517 2109 861 2195 tautologia
900 2131 1028 2174 non
1063 2125 1170 2175 est·
1197 2111 1471 2178 ferenda.
1558 2113 1802 2193 Quodsi
1843 2114 1966 2177 mei
1997 2134 2095 2177 res
2129 2125 2288 2177 esset
2318 2109 2594 2190 arbitrii,

515 2216 581 2280 in
637 2229 904 2305 utroque
959 2237 1147 2281 versu
1211 2212 1403 2280 illud=
1430 2217 1650 2281 vocab.
1700 2214 2000 2295 delerem,
2061 2215 2230 2303 (nam
2274 2216 2492 2301 aliqua
2529 2228 2595 2280 et

515 2323 729 2404 aliquo
769 2323 953 2385 modo
996 2341 1252 2409 prorsus
1292 2318 1458 2384 idem
1495 2319 1742 2409 notant)
1783 2317 2196 2409 legeremque:
2621 2406 2630 2413 ·

512 2424 589 2490 Sa·
622 2426 829 2490 hercle
862 2424 1130 2491 habeam
1153 2474 1170 2504 ,
1213 2425 1435 2491 lubens
1463 2428 1798 2508 pollicear.-
1835 2431 2054 2505 verum
2082 2427 2351 2510 aliquid,
2378 2426 2593 2508 aliquo

520 2560 523 2570 ⁴
796 2554 801 2561 ·
1785 2581 1788 2584 .
2373 2530 2599 2606 modo,

514 2636 809 2698 deiciendo
829 2635 909 2699 ah
928 2638 1132 2718 aliqui
1152 2637 1269 2701 tihi
1287 2656 1431 2718 spes
1455 2646 1551 2701 est
1573 2642 1818 2703 mcum
1839 2639 2170 2722 sortundm
2187 2638 2344 2723 sore.
2442 2636 2449 2646 ’

512 2751 674 2827 quae
731 2741 1087 2823 conjectura
1146 2737 1293 2801 inde
1344 2735 1640 2802 nonnihil
1699 2738 2179 2829 comprobatur,
2241 2738 2412 2829 quod
2449 2741 2588 2825 jam

514 2841 733 2905 eodem
787 2837 979 2930 plane
1039 2841 1260 2906 ordine
1323 2842 1533 2906 omnia
1589 2841 1740 2909 haec
1783 2844 2093 2910 vocabula
2145 2847 2413 2930 (aliquid
2465 2849 2594 2912 ali·-

515 2966 639 3031 quo
695 2949 879 3012 modo
904 2996 920 3025 ,
984 2950 1280 3014 alicunde
1299 2997 1317 3025 ‚
1381 2949 1460 3012 ab
1512 2951 1736 3034 aliqui)
1785 2949 1840 3013 ei
1887 2971 1922 3012 a
1966 2945 2388 3038 Stratippocle
2430 2950 2592 3015 irato

515 3065 913 3137 regeruntur:
1926 3075 1930 3082 ·

518 3157 765 3240 Quippe
803 3165 873 3221 tu
907 3159 1000 3221 mi
1028 3158 1295 3241 aliquid,
1343 3158 1554 3241 dliquo
1589 3160 1796 3235 mode,
1831 3160 2124 3223 alicunde
2159 3158 2239 3221 ab
2273 3157 2589 3242 aliquibus

1503 3266 1518 3278 ‘
2381 3266 2585 3332 blatis,

511 3367 613 3431 Sic
658 3366 845 3429 etiam
884 3366 1179 3431 decorum
1215 3363 1438 3432 melius
1483 3380 1803 3447 servatur3
1856 3389 2004 3433 nam
2047 3390 2122 3433 ex
2174 3367 2421 3454 vulgari
2463 3365 2587 3434 lec-

514 3475 688 3540 tione
748 3471 1157 3538 Chaeribulus
1223 3473 1410 3537 nimis
1472 3486 1684 3562 aperte
1722 3473 1991 3536 amicum
2026 3494 2207 3536 suum
2258 3472 2588 3552 irrisisset3

514 3599 683 3642 nunc
727 3574 920 3641 habet
964 3598 1090 3667 quo
1128 3598 1192 3641 se
1236 3575 1565 3655 defendat3
1610 3590 1671 3641 et
1719 3575 1978 3654 fortasse
2023 3559 2387 3664 imprudens
2421 3572 2590 3639 hanc

515 3681 859 3760 verborum,
878 3683 1095 3747 seriem
1131 3682 1454 3767 congessit.
1503 3681 1800 3770 Suspicor
1842 3692 2042 3744 tamen
2068 3680 2355 3744 extremis
2379 3678 2587 3744 verbis

512 3777 769 3872 gravius
820 3787 1118 3852 mendum
1173 3786 1447 3865 subesse,
1492 3786 1598 3851 ‘cni
1653 3783 1933 3851 sanando
1985 3784 2166 3848 vires.'
2181 3803 2347 3848 meas
2386 3784 2587 3848 sentio

513 3914 642 3958 esse
670 3893 967 3982 impares,
1030 3893 1303 3983 Requiro
1348 3890 1512 3955 hanc
1556 3890 1684 3954 fere
1724 3887 2123 3953 sententiam:
2170 3906 2314 3969 spes
2350 3897 2446 3951 est
2483 3905 2587 3950 me

511 3997 630 4062 tibi
658 3997 954 4061 alicunde
986 4015 1393 4061 cor-rasurum
1424 3997 1786 4078 pecuniam.
1829 3990 2140 4083 Extremi,
2159 3986 2346 4073 hujus
2367 4009 2586 4056 scenae

513 4119 728 4164 versus
772 4095 858 4160 ita
896 4097 1161 4176 ‘fortasse
1207 4111 1352 4164 sunt
1396 4095 1847 4165 constituendi:
2351 4125 2357 4130 ·
2513 4125 2516 4130 >
