3123 5126
1247 1103 2199 1203 AULIJLARIA.

757 1514 802 1578 Ι.
853 1518 892 1578 2
938 1533 1022 1579 vs.
1069 1517 1152 1579 24
1260 1546 1263 1555 ·

755 1618 1063 1712 Staphyla
1114 1621 1343 1687 ancilla
1382 1620 1643 1709 jubetur
1679 1620 1762 1686 ab
1801 1620 2102 1688 Euclione
2142 1625 2489 1705 neminem,
2526 1647 2589 1691 se
2622 1624 2742 1689 ab·

668 1739 870 1806 sente,
936 1727 1002 1791 in
1058 1726 1239 1793 aedes
1299 1727 1746 1800 intromittere.
1800 1750 1879 1793 ne
1913 1729 2143 1817 >ipsam
2169 1806 2172 1807 ⁷
2203 1730 2458 1820 quidem
2503 1732 2742 1796 Bonam

666 1829 1035 1910 Fortunam3
1097 1831 1199 1895 cui
1241 1828 1604 1921 Staphyla:
1631 1855 1664 1896 »
1684 1829 1796 1897 Pol
1812 1831 1870 1911 ,'’
1920 1834 2168 1923 inquit,
2208 1857 2337 1899 »ea
2370 1836 2507 1925 ipsa
2552 1835 2740 1902 credo

668 1958 702 1998 »
728 1957 808 2000 ne
854 1935 1307 2001 intromittatur
1364 1949 1575 2014 cavet,

666 2061 821 2106 nam
841 2045 926 2106 ad
948 2045 1133 2107 addes
1170 2050 1425 2106 nostras
1448 2045 1770 2125 nusquam
1798 2044 1969 2120 adit,
2003 2046 2390 2128 quamquam
2416 2038 2742 2130 propo‘est.

665 2167 825 2234 quae
853 2160 1123 2211 extrema
1160 2143 1353 2210 verba
1376 2145 1741 2230 corrigenda
1782 2144 1960 2209 duxit
1997 2147 2354 2214 Gronovius
2377 2147 2499 2214 hoc
2520 2149 2743 2216 modo:

664 2273 987 2336 quaquam
1023 2273 1260 2336 prope,
1305 2251 1478 2341 quod
1513 2252 1747 2341 recepit
1790 2251 2066 2318 Bothius.
2157 2253 2240 2318 At
2293 2255 2563 2320 Weisius
2610 2277 2779 2320 ser--

663 2369 812 2420 vata
868 2355 1124 2441 vulgata
1201 2354 1500 2434 lectione,
1569 2357 1968 2440 cogitandum
2028 2372 2211 2446 putat
2274 2357 2569 2424 sacellum
2636 2374 2739 2424 aut

667 2460 916 2544 signum
943 2461 1149 2526 Bonae
1170 2462 1478 2526 Fortunae
1506 2511 1522 2539 ‚
1577 2461 1746 2551 quod
1780 2484 1980 2551 prope
2002 2464 2181 2528 aedes
2198 2461 2515 2529 Euclionis
2536 2465 2734 2530 fuerit.

664 2566 895 2656 quue,
938 2565 1086 2633 licet
1141 2567 1218 2632 de
1271 2568 1391 2632 isto
1436 2565 1665 2632 sacello
1723 2590 1802 2632 ne
1867 2565 2129 2633 verbum
2190 2569 2442 2659 quidem
2499 2570 2564 2632 in
2608 2583 2741 2633 tota

666 2670 988 2736 comoedia
1055 2672 1442 2761 proferatur,
1502 2671 1751 2737 defendi
1804 2687 2009 2737 tamen
2076 2673 2288 2764 aliquo
2361 2675 2552 2738 modo
2619 2698 2741 2765 po-

666 2789 802 2840 test.
893 2774 1044 2839 Mihi
1107 2789 1311 2841 autem
1368 2773 1597 2840 ancilla
1659 2776 1960 2864 respicere
2010 2777 2259 2841 videtur
2318 2777 2571 2843 divitias
2623 2780 2743 2842 Me·-

667 2881 920 2964 gadori,
992 2882 1153 2947 senis
1207 2904 1240 2946 e
1283 2901 1627 2970 proxumo,
1672 2880 1739 2943 in
1790 2881 1966 2967 cujus
2000 2880 2258 2948 aedibus
2304 2889 2432 2947 non
2497 2884 2743 2950 inficete

668 2983 954 3049 habitare
995 2985 1190 3066 fingat
1225 2984 1460 3048 Bonam
1477 2983 1832 3047 Fortunam.

755 3318 833 3384 II.
882 3320 939 3382 2.

694 3421 697 3428 '
756 3423 831 3486 In
872 3421 992 3487 hac
1041 3446 1221 3489 scena
1253 3439 1373 3491 tres
1411 3449 1626 3493 versus
1663 3422 1997 3491 verborum
2034 3423 2486 3512 tanspositione
2508 3445 2743 3488 sanan-

668 3530 781 3595 dos
828 3528 1113 3596 arbitror.
1159 3554 1251 3597 vs.
1301 3534 1359 3597 8.

667 3639 821 3703 Jam
837 3641 969 3704 illio
989 3640 1174 3705 homo
1197 3645 1430 3707 adram
1448 3662 1549 3707 me
1567 3643 1682 3706 scit
1707 3639 1955 3718 hahere,
1972 3658 2042 3705 eo
2061 3658 2164 3702 me
2186 3637 2425 3700 salutat
2445 3635 2744 3699 blandius

666 3739 924 3826 legerim
941 3765 953 3806 :
988 3744 1138 3828 jam
1153 3745 1286 3809 illic
1301 3745 1485 3809 homo
1502 3763 1736 3809 aarum
1752 3742 1871 3806 scit
1885 3762 1985 3805 mo
2007 3741 2256 3805 habere.

671 3846 737 3909 in
793 3869 885 3911 vs.
949 3849 1029 3910 49
1054 3897 1069 3926 ,
1102 3843 1214 3910 ubi
1252 3849 1409 3914 citra
1441 3848 1867 3913 necessitatem
1899 3842 2222 3910 Goellerus
2266 3842 2529 3927 ejecerat
2573 3862 2740 3920 esse,

672 3965 735 4015 et
799 3948 961 4016 male
1020 3951 1402 4041 produxerat
1451 3952 1727 4042 priorem
1784 3950 1847 4014 in
1909 3954 2087 4016 venit
2144 3944 2338 4037 (quod
2398 3945 2741 4033 praesentis

672 4078 801 4121 esse
854 4058 1152 4145 temporis
1218 4055 1587 4143 intelligitur
1642 4078 1716 4122 ex
1762 4075 1852 4119 vs,
1914 4051 2018 4140 51)
2083 4052 2146 4116 in
2204 4072 2276 4116 eo
2315 4049 2507 4134 igitur
2555 4072 2739 4116 versu

673 4159 878 4246 legere
913 4159 1149 4252 placet:
