3123 5126
1367 590 1405 647 3

336 802 464 871 pro
509 796 643 859 stu
693 778 949 842 minima
1003 778 1346 842 mutatione
1385 775 1585 862 legere
1629 796 1771 857 sm,
1822 800 1948 870 quo
1985 779 2151 846 facto
2192 798 2252 848 et
2271 805 2407 849 sen-

339 908 451 950 sus
507 898 569 949 et
631 905 842 948 versus
917 895 1292 947 sustentatur
1347 883 1644 966 egregie..
1692 882 1849 946 Nam
1905 882 2075 974 quod
2109 885 2219 953 *ad
2271 909 2406 952 sen-

341 1010 487 1055 sum
546 985 819 1067 adtinet,
889 1010 963 1053 ex
1006 1009 1189 1053 versu
1232 986 1629 1077 praecedenti
1679 983 1862 1052 facile
1903 989 2278 1073 cogitatione
2313 1012 2406 1055 re-

340 1108 517 1185 petas
562 1088 832 1158 verbum
856 1096 980 1173 sit;
1032 1084 1251 1158 versus
1291 1106 1495 1156 autem
1531 1091 1596 1155 in
1635 1113 1771 1155 mea
1800 1089 2066 1158 lectione
2094 1090 2313 1159 melius
2341 1116 2406 1160 se

340 1198 563 1280 habet,
612 1218 802 1288 quam
855 1196 918 1259 in
966 1192 1220 1280 vulgata
1252 1244 1267 1273 ‚
1337 1192 1445 1259 ubi
1511 1208 1716 1258 tamen
1779 1216 1920 1259 cum
1977 1196 2403 1265 Lindemanno

337 1304 781 1389 corrigendum
833 1316 999 1367 erat:

380 1440 805 1521 Quantasque
848 1444 1093 1499 amator
1137 1435 1225 1498 sit
1246 1485 1261 1510 ,
1330 1430 1339 1519 Ι
1399 1435 1564 1516 quod
1608 1438 2124 1519 complacitum’st
2166 1438 2375 1501 semel.

340 1561 424 1629 sic
456 1573 674 1624 autem
729 1557 1074 1622 necessario
1124 1580 1196 1622 eo
1243 1555 1615 1620 adducimur
1639 1607 1654 1635 ‚
1709 1571 1782 1621 ut
1834 1578 2081 1620 versum
2136 1556 2201 1619 in
2249 1555 2402 1620 duas

346 1678 542 1755 partes
584 1660 873 1755 aequales
916 1662 1269 1728 dividamus
1295 1713 1310 1741 ,
1361 1660 1483 1750 qua
1533 1660 1785 1726 caesura
1838 1661 1902 1724 in
1945 1661 2199 1725 senariis
2238 1658 2402 1725 nihil

323 1782 433 1834 ‘est
468 1769 788 1848 vitiosius,
827 1765 990 1832 nihil
1029 1765 1280 1832 auribus
1329 1764 1655 1849 ingratius·
1752 1766 1842 1829 Ex
1888 1763 2194 1828 industria
2235 1762 2401 1828 hanc

347 1895 468 1937 rem
507 1872 807 1938 tractavit
849 1870 1152 1936 Beckerus
1202 1872 1265 1934 in
1327 1867 1811 1950 Quaestionibus
1854 1866 1930 1933 de
1974 1868 2236 1934 Cornicis
2279 1870 2403 1933 Ro-

346 2000 664 2043 manorum
713 1973 941 2042 fabulis
1003 1999 1064 2065 p.
1119 1976 1242 2037 103
1305 1996 1455 2063 sqq,
1488 1969 1598 2035 ubi
1642 1995 1854 2038 versus
1896 1971 2235 2039 nonnullos
2277 1972 2398 2039 hoc

349 2082 499 2146 vitio
540 2079 896 2146 laborantes
950 2077 1320 2145 emendavit.
1413 2077 1551 2139 Jam
1616 2098 1764 2141 vero
1822 2078 1872 2141 si
1911 2100 2113 2142 meam
2158 2079 2400 2162 conjec-

358 2198 550 2249 turam
585 2183 981 2277 probaveris,
1025 2183 1365 2269 legitimam
1408 2177 1668 2243 habebis
1707 2201 2056 2245 caesuram:

363 2304 748 2393 Quantasque
785 2318 1076 2388 amator,
1145 2310 1154 2398 Ι
1211 2315 1271 2377 si
1309 2317 1370 2381 e‘i
1412 2317 1566 2400 quid
1608 2319 2046 2400 complacitam
2082 2315 2159 2381 ’st
2183 2319 2393 2381 semel.

348 2423 652 2492 Caeterum
683 2427 900 2494 eodem
937 2430 1156 2497 morbo
1189 2454 1517 2521 perversae
1564 2436 1979 2502 distinctionis
2020 2435 2274 2502 affectus
2306 2450 2397 2502 est

345 2527 515 2618 Capt.
563 2531 624 2595 11
663 2536 700 2597 3
736 2557 822 2600 vs.
872 2538 989 2615 20,
1024 2532 1134 2599 ubi
1176 2558 1318 2601 cum
1360 2535 1553 2624 vulgo
1595 2536 1867 2624 legatur:

662 2653 739 2719 Si
774 2659 899 2722 min
942 2660 1175 2725 rebitas
1214 2663 1336 2727 11άο
1358 2711 1373 2739 ,
1448 2660 1459 2748 Ι
1529 2671 1603 2726 ut
1642 2664 1866 2748 viqimi
1910 2665 2121 2728 miozas

345 2777 454 2838 ego
496 2754 821 2843 legendum
865 2764 1160 2849 conjicio:

634 2868 706 2933 Si
747 2874 878 2936 mm
922 2871 1186 2949 rebium,
1248 2869 1259 2958 Ι
1322 2873 1467 2938 haio
1507 2882 1581 2937 ut
1621 2875 1845 2956 viqinti
1889 2877 2101 2939 mnas

637 2975 782 3038 dem
821 2995 937 3057 pro
986 2985 1059 3040 te.

332 3104 389 3153 et
434 3092 621 3158 Poen.
673 3095 777 3158 ΙΙΙ.
823 3100 859 3159 5
907 3119 996 3162 vs.
1047 3100 1157 3161 40:

407 3228 749 3313 Manifesta
782 3229 892 3314 sur
940 3252 1006 3295 es
1051 3233 1231 3296 mihi.
1278 3229 1290 3319 Ι
1334 3215 1582 3312 Quaeso
1625 3230 1833 3294 hercle
1876 3247 2135 3311 operam
2174 3231 2339 3295 date.

326 3347 682 3433 Distingue:

398 3475 747 3557 Manifesto
788 3476 900 3558 fur
945 3495 1033 3540 es.
1079 3476 1092 3559 Ι
1127 3475 1297 3538 Mihi
1343 3492 1575 3557 quaeso
1622 3473 1827 3536 hercle
1875 3474 2132 3554 opera'm
2153 3471 2312 3537 date.

313 3721 342 3783 1
392 3725 421 3784 1
476 3744 571 3786 vs.
625 3724 700 3786 11
753 3746 885 3815 sqq.
936 3725 1011 3813 Γ)

401 3851 641 3917 Locum
676 3851 844 3919 hunc
884 3853 1324 3924 difficillimum
1366 3863 1662 3927 tractavit
1703 3867 2088 3936 Hermannus
2112 3872 2175 3935 in
2195 3870 2384 3940 Elem.

312 3977 374 4044 p.
427 3960 558 4023 459
589 4007 605 4036 ‚
653 3960 1017 4052 primusque
1056 3962 1176 4028 fuit
1222 3965 1330 4055 qui
1371 3988 1586 4033 versus
1635 3972 1893 4037 14-18
1943 3975 2226 4043 sotadeos
2258 4000 2386 4044 esse

386 4145 455 4208 Γ)
487 4149 543 4197 In
579 4150 802 4202 citandis
834 4135 1067 4200 versibus
1099 4164 1284 4215 sequor
1317 4166 1519 4217 semper
1551 4154 1833 4205 editionem
1867 4155 1910 4202 J.
1948 4156 2001 4204 F.
2041 4151 2295 4208 Gnonovn.

1981 4234 2076 4300 ¹0*
