3123 5126
1352 615 1437 677 65

374 803 459 870 ad
505 798 690 896 quem
734 802 943 870 locum
1004 805 1092 869 sic
1154 804 1456 873 Fae‘rnus:
1518 805 1841 898 »Optime
1898 822 2086 876 staret
2137 812 2449 895 senarius,

373 934 409 975 ›>
437 911 490 977 si
538 920 907 996 eaeoptatam
940 908 1280 996 legeretur,
1324 925 1386 976 et
1432 912 1519 975 ita
1564 912 1917 979 Terentium
1944 913 2259 1003 scripsisse
2283 918 2449 983 exis-

373 1037 409 1078 »
434 1014 605 1079 timo,
684 1014 874 1095 Quod
917 1028 988 1079 ut
1032 1010 1278 1079 facilius
1322 1014 1604 1095 credam,
1653 1015 1804 1082 facit
1838 1016 1990 1083 alibi
2028 1040 2276 1111 quoque
2308 1042 2449 1111 per-

372 1140 659 1205 »versus
698 1141 833 1185 mos
853 1171 870 1199 ,
929 1141 1221 1211 errorque
1270 1117 1671 1187 librariorum
1725 1145 1762 1187 a
1824 1121 2006 1189 nobis
2049 1122 2447 1203 observatus,

371 1247 406 1290 ›>
433 1229 574 1317 qui,
621 1225 874 1291 finiente
910 1227 1186 1316 priorem
1226 1224 1561 1291 dictionem
1596 1249 1719 1291 una
1758 1225 1971 1306 litera,
2010 1251 2046 1293 a
2085 1250 2210 1320 qua
2243 1241 2449 1318 poste·

371 1353 406 1394 ›>
430 1331 577 1420 rior,
590 1330 783 1396 dictio
820 1331 1124 1422 inciperet
1140 1382 1156 1411 ,
1203 1328 1460 1397 alteram
1477 1353 1693 1397 earum
1718 1329 2038 1399 literarum
2062 1356 2243 1424 saepe
2266 1334 2449 1399 omit-

369 1456 405 1498 »
430 1432 703 1501 tebant.''
789 1434 1220 1521 Conjecturam
1256 1431 1434 1501 illam
1473 1438 1696 1502 merito
1743 1439 1977 1530 recepit
2010 1436 2339 1506 Bentleius.

366 1839 414 1902 Ι.
464 1840 503 1902 2
549 1856 633 1903 vs.
679 1839 799 1903 29:

368 1945 526 2010 Post
563 1947 632 2011 id
675 1964 863 2028 aqam
905 1948 1097 2031 ἐρίων
1141 1951 1402 2026 deinde;
1436 1960 1511 2016 ut
1534 1953 1792 2017 animus
1826 1956 2004 2016 nidus
2038 1952 2181 2028 erit,
2206 1948 2445 2036 faciam

2207 2058 2442 2139 palam.

367 2154 566 2219 Locus
610 2156 937 2221 manifesto
984 2156 1380 2247 depravatus.
1470 2154 1791 2222 Acidalius
1838 2156 2148 2222 tentabat:

366 2262 560 2326 Prius
602 2264 670 2325 id
713 2283 924 2346 aqam:
971 2264 1163 2347 ἐρίων
1206 2266 1434 2330 deinde
1452 2313 1470 2343 ‚
1520 2275 1599 2329 ut
1638 2267 1897 2329 animus
1941 2270 2120 2328 me'us
2164 2264 2306 2340 erit,
2350 2263 2445 2347 sa-

2000 2369 2166 2432 oidm
2203 2370 2440 2450 palam.

366 2488 549 2534 sensu
593 2465 863 2547 meliori3
914 2486 1342 2538 verumtamen
1384 2495 1498 2539 nec
1559 2475 1676 2539 ista
1719 2471 2015 2537 sermonis
2056 2469 2444 2534 abundantia

366 2571 606 2664 placet,
654 2596 797 2639 cum
839 2572 1026 2640 verba
1062 2581 1247 2661 prius
1293 2582 1360 2643 id
1411 2600 1598 2664 aqam
1638 2577 1835 2641 otiosa
1880 2576 2035 2653 sint,
2096 2571 2442 2665 meliusque

368 2679 686 2762 abessent,
727 2695 787 2747 et
823 2682 960 2770 ipsa
1000 2684 1356 2769 conjectura
1395 2680 1589 2773 paulo
1626 2679 1962 2748 violentior
1999 2693 2105 2745 est.
2167 2678 2440 2760 Leniori,

365 2785 436 2848 ni
490 2782 713 2865 fallor,
765 2785 1038 2850 remedio
1085 2786 1434 2875 scripseris:

367 2893 523 2957 Ρόει
557 2895 624 2956 id
666 2912 776 2977 eqo
813 2896 1005 2977 ἐρίων
1043 2893 1269 2956 deinde
1291 2939 1308 2968 ‚
1364 2900 1438 2956 ut
1482 2895 1741 2957 animus
1779 2897 1959 2956 mestos
2002 2891 2123 2953 erit
2140 2936 2155 2967 ‚
2202 2891 2441 2974 sacidm

2198 2998 2439 3077 palam.

370 3104 528 3167 Post
578 3103 804 3168 deinde
863 3113 1027 3164 recte
1077 3100 1449 3185 junguntur.
1539 3097 1643 3161 Sic
1698 3096 1764 3160 in
1814 3093 1964 3180 legis
2008 3094 2437 3166 decemviralis

369 3200 586 3268 tabula
645 3203 857 3282 tertia,
912 3214 1065 3268 teste
1113 3198 1317 3264 Gellio
1369 3201 1438 3263 N.
1472 3199 1549 3264 A.
1595 3202 1739 3265 XX:
1767 3203 1836 3278 1,
1895 3198 2240 3284 legebatur:
2294 3216 2444 3286 post

365 3311 592 3373 deinde
610 3327 843 3371 manus
859 3308 1112 3391 injectio
1137 3314 1306 3380 (κιο,-
1350 3303 1426 3368 cf.
1446 3303 1578 3368 Ter.
1598 3303 1790 3368 Andr.
1809 3303 1913 3369 111.
1942 3306 1980 3367 2
2006 3328 2093 3369 vs.
2134 3309 2205 3368 3:
2252 3309 2440 3374 Nunc

361 3412 649 3494 primum
668 3411 774 3494 sac
792 3411 915 3474 ista
938 3419 1011 3474 ut
1035 3414 1200 3475 lavet
1214 3436 1236 3484 ;
1279 3420 1424 3493 post
1445 3413 1671 3476 deinde
1694 3420 1799 3476 eto.
1824 3410 2034 3499 Neque
2048 3410 2258 3474 Cicero
2284 3412 2438 3477 adeo

366 3511 536 3577 hanc
583 3492 960 3577 locutionem
1001 3527 1362 3604 aspernatus
1413 3528 1532 3593 est,
1593 3514 1702 3605 qui
1755 3508 2002 3577 ad'Att.
2042 3513 2116 3577 ΙΙ.
2158 3513 2269 3602 Ep.
2321 3517 2435 3580 23:

364 3619 661 3683 Primum
702 3620 893 3701 ἐρίων
935 3622 1098 3685 illud
1144 3630 1204 3686 te
1246 3623 1408 3686 scire
1451 3623 1591 3686 volo
1816 3672 1832 3698 ,
1877 3627 2023 3702 post
2057 3620 2281 3682 deinde
2319 3629 2433 3684 etc.

368 3723 558 3787 Recte
595 3721 784 3804 igitur
822 3719 1139 3786 Acidalius
1180 3723 1242 3785 in
1285 3723 1437 3786 Men.
1472 3722 1582 3785 ΙΙΙ.
1634 3724 1672 3784 2
1710 3745 1798 3786 vs.
1841 3723 1881 3784 8
1925 3720 2238 3810 scripsisse
2266 3720 2439 3786 vide-

368 3842 473 3892 tur
511 3838 656 3912 post
691 3832 916 3896 deinde
952 3833 1270 3897 hominem
1292 3833 1473 3896 adibo
1497 3840 1684 3915 atque
1706 3833 2040 3913 adloquar,
2060 3848 2440 3917 quamquam

372 3932 630 3998 adverb.
666 3937 890 4026 deinde
927 3934 990 3998 in
1026 3930 1312 4023 plurimis
1350 3931 1528 3998 libris
1563 3933 1965 3998 desideratur.
2036 3930 2271 3995 Deinde
2309 3952 2438 3995 non

366 4038 757 4124 jungendum
782 4052 910 4103 est:
949 4041 1017 4103 id
1047 4041 1282 4123 faciam
1308 4042 1563 4122 palam,
1606 4037 1715 4103 sed
1747 4048 1896 4122 posb
1929 4040 2000 4101 id
2038 4051 2278 4101 vetuste
2324 4057 2440 4125 po-

373 4139 560 4204 situm
605 4157 696 4208 est
730 4165 848 4232 pro
881 4155 1115 4227 postea.
1160 4143 1296 4210 Cas.
1336 4144 1380 4208 1.
1426 4166 1514 4210 VS.
1560 4145 1671 4208 42:
1733 4146 1887 4208 Post
1928 4145 1996 4207 id
2018 4191 2034 4220 ‚
2083 4162 2271 4225 quom
2310 4144 2437 4206 las·

2050 4248 2084 4304 5
