3123 5126
1710 549 1790 611 54

693 728 875 811 nqis?
935 724 1039 791 cui
1092 745 1207 789 nec
1273 723 1652 813 respondent
1711 721 2118 815 Demiphonis
2170 720 2401 789 verba:
2439 723 2762 808 quidest?

693 827 854 911 Lego
899 850 973 893 ex
1013 828 1385 908 certissima,
1431 843 1502 893 ut
1536 828 1697 894 mihi
1743 827 1996 919 quidem
2022 826 2271 893 videtur
2298 878 2314 907 ,
2362 826 2763 894 correctione:

693 933 845 1016 quid
887 935 1032 996 ais?
1070 932 1176 995 Est
1222 934 1373 996 haec
1410 930 1658 1017 elegans
1692 931 1991 1011 formula,
2039 931 2162 1023 qua
2203 932 2411 997 nescio
2430 927 2761 997 an.nullus

692 1048 973 1099 veterum
1023 1035 1399 1124 scriptorum
1456 1050 1703 1126 praeter
1741 1033 2033 1100 Plautum
2076 1034 2197 1099 hoc
2253 1058 2437 1103 sensu
2473 1056 2618 1100 usus
2662 1034 2757 1101 sit.

692 1140 1014 1227 Significat
1078 1141 1243 1207 idem
1286 1143 1429 1207 =fere
1467 1142 1640 1233 quod
1689 1142 1848 1208 heus
1893 1150 2007 1207 tu!
2052 1153 2114 1205 et
2154 1145 2399 1207 audin?
2489 1141 2764 1204 Utuntur

694 1271 764 1314 ea
784 1299 800 1329 ,
869 1248 978 1338 qui
1050 1245 1289 1339 aliquid
1345 1248 1655 1333 rogaturi,
1724 1244 1996 1338 aliquem
2067 1258 2303 1311 attento
2360 1267 2489 1312 esse
2535 1242 2763 1332 jubent

694 1356 920 1420 animo.
1013 1355 1417 1446 Perspicuum
1480 1354 1603 1420 hoc
1666 1353 1738 1419 fit
1804 1376 1882 1419 ex
1949 1349 2241 1443 plurimis
2297 1345 2612 1440 exemplis.
2658 1348 2761 1412 Sic

692 1483 750 1526 e.
802 1485 857 1545 g.
906 1461 968 1524 in
1006 1457 1230 1524 Bacch.
1268 1460 1346 1528 V.
1386 1461 1425 1522 2
1466 1482 1561 1524 vs,
1614 1462 1718 1537 36,
1763 1454 2107 1521 Philoxeno
2158 1454 2435 1533 dicente,
2476 1456 2630 1541 quid
2666 1457 2765 1520 ais

695 1578 766 1629 tu
805 1566 989 1629 homo
1019 1575 1046 1627 ‚⁹
1116 1559 1458 1627 Nicobulus
1500 1564 1678 1653 quasi
1721 1564 1975 1627 nomine
2015 1583 2129 1626 suo
2165 1558 2765 1651 compellatu5,con-

693 1668 873 1731 tinuo
931 1663 1217 1751 subjicit:
1278 1668 1429 1751 quid
1473 1687 1576 1734 me
1619 1669 1767 1731 vis?
1811 1667 1914 1729 Sic
1954 1665 2117 1730 infra
2158 1688 2430 1758 qnoque>
2458 1688 2550 1731 vs.
2603 1667 2762 1745 118,

693 1795 840 1835 cum
883 1768 1193 1859 Demipho
1242 1769 1322 1833 ad
1373 1756 2041 1835 Charinum⁸dixissetz
2086 1775 2238 1857 quid
2281 1777 2424 1838 ais?
2456 1772 2522 1835 in
2561 1782 2768 1836 mente

692 1874 932 1941 habens
979 1877 1181 1965 ipsam
1229 1876 1495 1961 adjicere
1547 1876 2127 1960 interrogationem,
2175 1874 2282 1941 ille
2328 1876 2532 1941 dicere
2580 1870 2765 1941 occu-⁴·

692 1995 843 2071 pat:
890 1985 1245 2048 communis
1292 1984 1454 2048 mihi
1480 1986 1599 2049 illa
1644 1994 1742 2049 est
1781 2004 1927 2050 cum
1972 1987 2098 2050 alio
2121 2034 2136 2063 ,
2179 1984 2282 2048 cui
2319 2006 2531 2050 rursus
2553 2004 2766 2063 senex,

685 2090 875 2172 prius
897 2135 913 2166 ,
982 2085 1188 2176 inquit
1210 2136 1225 2164 ,
1295 2089 1638 2170 respondes
1697 2109 1892 2172 quam
1933 2108 2104 2173 roqo.
2152 2086 2230 2151 cf.
2271 2087 2458 2152 etiam
2493 2084 2667 2150 Trin.
2709 2083 2762 2149 1.

696 2194 847 2257 25¹8.
906 2193 1031 2255 156
1073 2204 1134 2256 et
1171 2192 1337 2270 159,
1382 2189 1567 2256 Poen.
1615 2190 1666 2257 I.
1708 2213 1800 2258 vs.
1856 2196 1999 2274 130,
2041 2191 2220 2257 Truc.
2267 2191 2313 2256 1.
2363 2193 2512 2256 2vs.
2560 2192 2662 2269 28,
2707 2202 2768 2254 et

691 2296 943 2387 passim.
994 2294 1160 2359 Trin.
1208 2292 1311 2360 IV.
1362 2298 1401 2359 2
1447 2318 1545 2361 vs.
1600 2298 1758 2361 108:

783 2403 947 2484 Qi'u‘d
1006 2404 1105 2466 ais
1165 2409 1236 2465 tu
1296 2408 1509 2463 nuno?
1569 2400 1629 2463 si
1668 2399 1833 2482 sorte
1877 2418 2136 2483 eumpse
2183 2400 2590 2464 Charmidem
2634 2419 2770 2465 con-

2485 2506 2768 2587 spe'coeris

694 2609 841 2689 ubi,
911 2608 1189 2700 quonian
1247 2606 1406 2673 mihi
1466 2606 1659 2673 verba
1719 2618 1787 2674 tu
1831 2628 2005 2674 nunc
2034 2607 2298 2673 mirifice
2332 2605 2632 2693 languere
2680 2607 2768 2671 vi-

697 2714 960 2793 dentur,
1006 2713 1096 2778 ita
1140 2712 1495 2797 distinguo:

786 2820 955 2900 Quid
997 2822 1094 2884 ais
1114 2830 1141 2883 ?
1188 2829 1256 2884 tu
1300 2837 1474 2884 nuno
1517 2820 1580 2883 si
1617 2820 1782 2904 forte
1826 2828 1935 2884 eto.

695 2923 858 2987 Hinc
874 2920 1300 2987 emendandus
1322 2921 1506 2987 Poen.
1523 2923 1570 2987 1.
1594 2925 1633 2986 2
1650 2915 1740 2987 ⁸vs.
1773 2925 1898 2987 139
1914 2919 2048 3008 (ubi
2059 2924 2195 3008 jam
2211 2917 2475 2986 Bothius
2492 2919 2771 3010 reposuit

697 3031 851 3115 quid
877 3031 1018 3093 ais?
1070 3024 1391 3111 vulgatam
1414 3026 1579 3093 male
1602 3027 1972 3094 defendente
1993 3022 2254 3112 Weisio)
2280 3038 2342 3089 et
2373 3020 2566 3088 Stich.
2583 3022 2684 3090 IV.
2710 3027 2768 3089 2.

702 3155 788 3198 vs.
826 3135 943 3209 35,
991 3155 1178 3222 quem
1224 3129 1435 3197 locum
1468 3135 1554 3198 ita
1580 3136 1991 3224 interpretor:
2036 3131 2453 3221 Epignomus,
2480 3142 2551 3192 ut
2576 3129 2773 3213 magis

696 3239 883 3305 etiam
907 3234 1090 3302 ludos
1114 3238 1343 3302 faceret
1363 3240 1711 3329 parasitum
1731 3290 1746 3318 ,
1786 3262 1820 3302 »
1847 3239 2011 3302 Heus
2035 3235 2142 3300 tu'?
2168 3236 2375 3326 inquit
2393 3287 2409 3316 ,
2434 3250 2577 3301 »est
2601 3236 2774 3326 quod

695 3357 758 3408 te
796 3337 1006 3406 volo.''
1054 3341 1228 3430 (quid
1259 3346 1357 3408 ais
1410 3346 1725 3410 Gelasimo
1741 3340 1810 3436 7).
1833 3342 1914 3406 At
1953 3338 2061 3405 ille
2117 3341 2209 3405 ira
2251 3342 2537 3408 incensus
2563 3394 2579 3422 ,
2624 3342 2773 3429 quia

696 3447 1080 3537 Epignomus
1137 3447 1344 3535 ipsum
1395 3448 1475 3513 ad
1518 3471 1582 3513 se
1621 3448 1701 3512 ad
1752 3469 2009 3512 coenam
2058 3446 2338 3535 accipere
2387 3446 2771 3513 detrectave-

698 3568 827 3635 rat,
873 3576 1001 3618 non
1048 3551 1190 3618 vult
1236 3551 1492 3632 audire3
1529 3565 1657 3616 »tu
1681 3550 1940 3631 hodie,”
1967 3551 2172 3641 inquit
2225 3565 2558 3618 »oratores
2590 3550 2773 3642 (lega-

698 3657 819 3747 tos)
846 3659 1115 3749 accipis;
1160 3656 1389 3722 habeas
1433 3656 1545 3720 tibi
1565 3657 1713 3722 istos
1750 3670 2023 3721 oratores
2050 3705 2065 3735 ,
2126 3680 2227 3723 me
2271 3659 2536 3724 mittas.''
2626 3659 2775 3748 Epi-

700 3786 965 3849 gnomus
1001 3785 1178 3843 ver0,
1223 3785 1365 3828 eum
1409 3763 1722 3828 excitandi
1770 3763 2001 3847 gratia:
2059 3776 2182 3827 »at
2220 3761 2317 3842 id,
2357 3762 2528 3852 quod
2569 3762 2776 3828 dicere

701 3865 1027 3946 volebam,
1078 3866 1184 3931 tua
1246 3868 1431 3933 refert
1451 3868 1505 3948 ;''
1580 3866 1809 3959 quibus
1854 3857 2063 3933 verbis
2120 3869 2430 3957 parasitus
2480 3869 2547 3931 in
2597 3890 2772 3956 spem

704 3992 932 4038 coenae
977 3985 1245 4051 erectuS,
1290 3996 1323 4037 »
1343 3974 1393 4038 si
1440 3974 1671 4065 quiden
1720 3997 1857 4039 mea
1905 3974 2093 4039 refert
2110 3975 2166 4052 ,''
2230 3973 2467 4063 inquit,
2527 3993 2774 4061 »opera

704 4074 933 4146 utere.''
1019 4076 1336 4145 Caeterum
1382 4082 1518 4164 aqis
1561 4093 1623 4145 et
1669 4085 1766 4147 ais
1810 4080 1997 4147 etiam
2050 4076 2200 4144 alibi
2265 4076 2775 4154 confunduntur,
