3123 5126
1646 549 1729 611 72

641 735 835 805 Stich.
880 740 957 803 11.
1009 743 1040 803 1
1093 761 1167 805 vs
1204 740 1313 802 44:

735 846 958 911 Salvds
1002 845 1111 910 sis.
1148 844 1240 910 D1.
1277 854 1342 912 et
1375 854 1445 911 tu
1489 849 1680 912 salve.

648 947 1175 1039 quemadmodum
1239 961 1448 1014 autem
1494 948 1600 1013 hic
1634 949 1873 1015 mediae
1903 948 2172 1014 orationi
2214 951 2520 1042 quaedam
2560 953 2727 1019 inse-

647 1053 776 1119 ruit
827 1076 1048 1119 manus
1118 1050 1357 1131 aliena,
1416 1052 1503 1117 ita
1561 1053 1797 1119 factum
1863 1074 2112 1144 quoque
2154 1053 2381 1145 Amph.
2421 1057 2502 1122 11.
2545 1060 2583 1119 2
2623 1079 2720 1123 VS.

652 1162 780 1225 196
802 1209 818 1239 ‚
870 1157 982 1225 ubi
1028 1161 1450 1238 Hermannus,
1495 1156 1819 1225 nonnullis
1853 1159 2095 1246 ejectis,
2128 1154 2458 1244 legendum
2495 1161 2718 1226 suasit:

644 1265 1043 1349 A‘mphitrao
1100 1270 1270 1334 alius
1288 1316 1307 1347 ‚
1379 1274 1447 1333 td
1487 1270 1601 1352 qai
1656 1268 1915 1333 absente
1967 1268 2067 1331 hia
2118 1273 2354 1331 manas
2413 1266 2729 1351 suuqatdr

2522 1378 2726 1435 taum.

645 1469 1181 1557 ingeniosissime!
1265 1471 1499 1538 Eodem
1550 1472 1741 1538 modo
1799 1472 2205 1558 corrigendus
2247 1473 2507 1540 fortasse
2546 1474 2724 1563 Capt.

646 1577 723 1642 11.
767 1581 807 1643 3
844 1601 936 1644 vs,
994 1580 1072 1641 41
1103 1599 1119 1642 ε

1673 1685 1999 1769 Nqum‘d
2034 1685 2216 1750 aliud
2237 1685 2335 1749 vis
2361 1685 2537 1768 patri

735 1791 1031 1855 ndntiari
1050 1798 1078 1852 Ρ
1106 1788 1209 1852 Τι’.
1251 1808 1355 1854 me
1381 1788 1484 1853 hic
1523 1790 1736 1854 valere
1756 1837 1774 1867 ‚
1816 1798 1880 1854 et
1909 1792 2041 1855 trite
2078 1791 2378 1853 audacter
2409 1789 2597 1853 dicito
2615 1840 2634 1868 ,

743 1894 1039 1979 Tyndaro
1065 1944 1082 1972 ‚
1130 1897 1298 1959 inter
1323 1896 1440 1959 ads
1472 1895 1678 1978 fuisse
1717 1894 1966 1976 inqe‘nio
2007 1894 2182 1958 haud
2205 1893 2617 1972 disporddbili.

649 1994 835 2061 Modo
889 1996 1004 2086 (vs.
1050 1996 1157 2085 21)
1207 1999 1341 2084 jam
1403 1995 1676 2060 dixerat:
1735 1998 1918 2061 dicito
1973 2016 2075 2062 me
2110 1998 2213 2064 hio
2255 1999 2467 2063 valere
2492 2023 2516 2072 ,·
2554 2017 2727 2059 nunc

653 2113 907 2184 rogatus
930 2148 948 2180 ,
1008 2100 1320 2191 numquid
1375 2098 1550 2164 aliud
1613 2112 1930 2189 praeterea
1982 2096 2171 2163 vellet
2214 2098 2381 2193 patri
2409 2098 2730 2179 nuntiari,

650 2225 865 2268 rursus
924 2203 1089 2270 idem
1149 2204 1490 2295 praecipit:
1558 2207 1796 2270 nuncia
1842 2224 1945 2267 me
1998 2205 2099 2269 hic
2153 2207 2407 2279 valere;
2452 2203 2517 2266 in
2557 2224 2728 2292 seqq.

650 2328 1000 2398 pronomen
1053 2329 1171 2374 nos
1222 2322 1368 2373 ante
1430 2306 1825 2371 Infinitivum
1867 2304 2030 2371 male
2082 2306 2424 2371 omittitur:
2485 2306 2597 2372 has
2643 2304 2734 2371 ob

657 2433 873 2477 causas
913 2410 1206 2476 Plautum
1251 2411 1490 2478 dedisse
1528 2413 1842 2500 suspicor:

1662 2518 1987 2601 Namquid
2036 2516 2216 2581 aliud
2252 2514 2351 2580 vis
2384 2516 2558 2598 patri

740 2625 1032 2689 wantiam·
1050 2634 1078 2687 2
1115 2623 1203 2684 Tr
1241 2623 1372 2688 Νόε
1402 2623 1609 2707 faisse
1649 2623 1901 2706 inqe‘nio
1952 2620 2126 2685 haud
2162 2619 2576 2684 discordabili.

658 2720 895 2793 Verba:
931 2745 1036 2791 me
1078 2726 1179 2790 hio
1219 2727 1432 2791 valere
1483 2745 1558 2788 ex
1598 2746 1687 2788 vs.
1748 2725 1826 2787 31
1883 2721 2145 2811 repetita
2183 2720 2513 2801 videntur3
2588 2721 2727 2789 reli-

658 2849 785 2918 qua
836 2825 1061 2891 deinde
1116 2825 1393 2913 adjecta,
1433 2851 1578 2894 cum
1618 2832 1901 2917 Tyndari
1951 2849 2177 2893 nomen
2223 2826 2408 2920 plene
2444 2829 2506 2893 in
2558 2829 2730 2894 codi-

656 2930 835 2997 cibus
898 2946 1217 2997 exaratum
1274 2956 1488 3000 versus
1541 2933 1867 3000 turbasset.
1946 2933 2267 3000 Caeterum
2290 2984 2306 3013 ,
2355 2932 2527 3025 quod
2574 2931 2726 2999 olim

661 3039 1064 3125 conjeceram,
1107 3038 1269 3102 infra
1306 3060 1381 3103 ex
1425 3060 1514 3103 vs,
1547 3042 1626 3103 14
1672 3037 2047 3126 ejiciendum
2092 3059 2220 3104 esse
2259 3035 2524 3102 alterum
2552 3039 2730 3119 bene,

659 3141 938 3234 probant
1005 3158 1140 3209 tum
1205 3140 1345 3207 loca
1386 3140 1675 3208 Plautina
1701 3194 1719 3223 ,
1781 3142 1889 3206 ubi
1929 3143 2146 3209 eodem
2190 3140 2623 3209 modo-vivere
2667 3157 2730 3207 et

660 3254 873 3317 valere
930 3248 1062 3313 sine
1114 3247 1414 3313 adverbio
1458 3247 1837 3338 copulantur
1894 3248 2080 3336 (infra
2131 3248 2233 3314 IV.
2278 3249 2350 3324 3,
2405 3269 2493 3311 vs.
2542 3249 2623 3310 67
2665 3260 2730 3311 et

658 3355 764 3421 111.
831 3359 898 3434 3,
953 3376 1042 3419 vs.
1085 3356 1184 3417 43.
1227 3353 1304 3416 cf.
1337 3351 1634 3418 Ritschel.
1677 3352 1756 3416 ad
1816 3351 2036 3417 Bacch.
2106 3353 2180 3416 11.
2240 3355 2310 3431 2,
2366 3374 2456 3416 vs,
2505 3353 2624 3430 14,
2665 3366 2728 3416 et
2813 3365 2822 3368 “

660 3453 859 3521 Bentl.
903 3455 984 3521 ad
1018 3457 1151 3521 Ter.
1187 3459 1401 3522 Heaut.
1440 3459 1515 3523 Π.
1566 3463 1605 3521 3
1635 3508 1652 3535 ,
1696 3481 1784 3522 vs.
1841 3460 1905 3543 3)
1963 3471 2094 3523 tum
2137 3457 2333 3523 codex
2371 3456 2731 3522 Ambrosia-

665 3583 786 3626 nus
806 3612 824 3643 ,
865 3583 1051 3652 quem
1089 3584 1291 3651 nuper
1327 3561 1737 3626 animadverti
1785 3559 1905 3625 hoc
1945 3560 2208 3627 verbum
2270 3563 2569 3628 omittere.

666 3873 713 3938 Ι.
763 3874 803 3938 2
847 3895 937 3938 vs,
991 3875 1134 3937 146.

837 3980 1012 4044 Haec
1050 3984 1238 4056 seint,
1279 4001 1393 4045 seu
1444 3989 1610 4045 recte
1632 4032 1648 4057 ‚
1691 3984 1804 4044 sed
1834 3998 2129 4061 pervorse
2163 3979 2333 4063 fa'cta
2370 3987 2539 4044 sanc.

839 4083 1101 4168 qumdc
1131 4087 1354 4169 secisse
1386 4085 1681 4168 cdnficcor
1701 4133 1718 4163 ‚
1779 4085 2232 4166 Meqardnides.
